2300 3772
149 177 220 248 204
312 157 546 250 C.Jur11
583 157 855 234 Cms‘nrtis

189 285 329 360 XXXVI.
342 284 470 346 Adventu
478 287 591 346 Vibullii
605 288 679 358 Rufi,
693 309 774 367 qnetn
786 290 804 348 d
815 289 1024 368 Pompeiorum·

151 359 211 420 sum
233 363 262 420 in
280 362 439 440 Hispaniam
461 363 671 424 demonstratum
690 367 746 432 elit
767 365 906 436 sisinnius,
927 373 954 426 a
966 369 1020 426 Pe·

151 440 242 505 treius,
262 444 286 497 de
301 441 401 510 Varro,
428 441 510 518 legati
529 441 661 518 Pompeii,
675 447 691 515 ¹(
712 461 813 514 norunt¹
825 463 893 502 unus
910 463 958 504 ιιι
976 447 1018 506 le-

150 515 286 592 gionibus,
312 516 472 594 Hispaniam
495 518 666 584 citerioremt
685 463 753 577 dier
775 519 876 578 isaltu
894 523 1017 582 Castulo-

150 592 226 649 nensr
249 593 284 651 ad
298 591 398 660 Anam,
425 613 454 652 ιι
472 594 641 670 legionibusr
662 596 756 654 tertius
774 597 810 654 ab
822 596 896 666 Ana,
916 598 1018 658 Vetto·

149 687 218 726 num
239 665 336 747 agrum
349 669 566 748 Lusitaniamque
589 672 648 748 pari
671 691 785 732 numero
802 673 941 762 legionum
964 675 1017 733 ob-

148 745 261 818 tinebat)
277 747 365 805 officia
389 749 459 806 inter
478 746 505 805 se
527 749 689 824 partiuntur:
709 767 739 807 ιιι
759 749 878 808 Petrerus
904 769 939 809 ex
955 749 1015 810 Lu-

148 821 243 880 sitanis
262 841 311 900 per
324 823 458 882 Vettones
483 843 546 882 cum
565 825 702 883 omnibus‘
712 827 796 905 copiis
817 825 852 884 ad
869 825 1015 888 Asraninm

147 898 346 974 proficiscatnrt
366 901 458 958 Varro
475 919 539 959 eum
561 901 604 969 iis,
631 921 696 978 quas
718 903 844 971 habebat,
862 903 1015 982 legionibus

147 995 260 1035 onmem
276 977 430 1036 ulteriorem
443 975 604 1070 Hispaniam
618 990 732 1037 tueatur.
772 979 826 1037 His
845 981 923 1038 rebus
941 999 1012 1038 con-

145 1053 259 1118 stitutist
285 1073 302 1112 e
321 1053 387 1110 uites
406 1053 506 1112 auxilia
527 1072 560 1112 ue
581 1055 632 1112 toti
656 1054 808 1126 Lusitania,
842 1053 860 1114 ὲ
880 1055 1010 1124 Petrei03

145 1127 299 1200 Celtiberis,
333 1129 458 1198 tambeis,
472 1075 644 1210 baduarisque
656 1133 792 1201 omnibus,
814 1134 859 1208 qui
870 1133 906 1192 ad
918 1133 1011 1192 Ocea·

145 1224 213 1265 num
236 1206 378 1284 pertinent,
397 1207 432 1266 ab
450 1206 565 1266 Afranio
577 1208 758 1286 imperantur:
779 1209 876 1286 quibua
900 1209 1010 1280 connis,

144 1282 266 1342 celeriter
288 1283 404 1343 Petreius
425 1303 474 1360 per
496 1287 627 1344 Vettones
649 1285 685 1344 ad
708 1285 852 1344 Afranium
876 1287 1013 1364 pervenite

142 1357 313 1420 Constituunt
324 1361 462 1420 communi
475 1361 585 1420 confisio
598 1361 698 1421 bellum
711 1363 746 1422 ad
758 1363 885 1433 Ilerdam,
898 1376 1010 1440 propter

142 1436 220 1514 ipsius
236 1438 319 1496 loclo
338 1438 541 1515 portunitatem,
582 1459 664 1499 erere.
1011 1477 1014 1480 -

182 1457 338 1573 XXXVII
355 1514 492 1607 Erantqnt
508 1514 588 1593 supra
604 1517 813 1576 demonstratum
826 1516 872 1582 ess,
885 1517 1009 1593 legiones

141 1591 261 1660 Afranii,
287 1609 357 1656 trit
381 1590 487 1661 Petreii,
512 1611 563 1650 tt:
589 1607 719 1669 praterea
741 1592 857 1661 scutatae,
877 1595 1009 1652 citerioris
1047 1615 1050 1617 ·

140 1669 302 1745 provinciaet
323 1674 479 1739 decertata,
500 1669 629 1727 ulterioris
649 1668 795 1744 Hispaniae,
814 1669 939 1726 cohortes
951 1671 1007 1728 cir·

108 1763 110 1767 ·
140 1745 208 1802 citer
230 1761 337 1803 atrax:
366 1746 498 1821 equitum,
519 1743 655 1820 utriusque
679 1745 835 1820 provinciae,
854 1744 962 1805 circiter
985 1767 1007 1804 ιι

134 1821 237 1886 nullia.
276 1821 363 1880 Caesar
385 1823 504 1898 legiones
529 1822 556 1878 in
581 1819 739 1897 Hispaniam
765 1819 936 1898 praemiserat,
969 1823 1008 1882 ad

142 1899 276 1958 simillia
303 1899 400 1957 auxilia
422 1901 552 1975 peditum,
584 1899 706 1976 equitum
736 1915 785 1954 ιιι
815 1895 909 1966 millia,
933 1917 1005 2032 gum

140 1976 265 2034 omnibus
277 1975 455 2054 superioribus
468 1975 543 2034 bellis
563 1975 710 2038 habueram
731 1979 756 2031 δι
778 1993 870 2051 parem
890 1991 924 2032 ex
964 1975 1005 2040 al-

137 2050 176 2110 lii
190 2049 340 2120 numerum,
360 2049 442 2131 quem
464 2053 518 2130 ipse
534 2066 682 2132 paraverat,
702 2053 863 2110 nominatim
886 2070 921 2109 ex
942 2071 1013 2111 orn·-

138 2129 218 2188 nibtts
229 2130 378 2190 civitatibus
391 2130 550 2190 nobiliffimo
563 2135 587 2188 le
600 2129 738 2188 fortiffimo
748 2146 857 2206 quoque
868 2141 983 2188 evocato
992 2151 1012 2196 ς-

136 2207 202 2266 hinc
214 2210 310 2285 optimi
323 2207 429 2286 generis
452 2207 575 2267 homines
587 2227 622 2264 ex
636 2206 779 2283 Aquitanis
799 2203 1001 2280 montanisque,

138 2286 186 2359 qui
207 2285 328 2344 Galliam
352 2285 519 2362 proyInciam
540 2285 675 2360 attingunt
682 2305 691 2347 ι
717 2284 858 2372 postquam
880 2280 1004 2339 audierat

18 2388 26 2396 ·
135 2361 296 2439 Pompeium
310 2379 359 2440 per
372 2359 568 2420 Mauritaniam
589 2379 652 2418 cum
672 2357 822 2434 legionibus
833 2359 884 2420 iter
895 2357 922 2414 in
935 2355 1004 2414 His-

137 2457 250 2514 paniam
271 2438 370 2504 facere,
398 2437 592 2512 confestimque
614 2434 665 2492 elle
685 2451 835 2494 venturum.
874 2424 1002 2496 SImnla

88 2555 94 2562 -
135 2515 247 2573 tribunis
261 2516 377 2577 militum
388 2511 641 2584 centuriouibt'asque
654 2524 759 2570 mutuas
772 2510 895 2589 pecumm
906 2509 997 2644 sump-
1141 2579 1142 2586 ρ

134 2593 182 2648 stt:
204 2593 250 2648 has
269 2589 397 2648 exercitui
410 2587 547 2645 distribuit.
586 2587 649 2662 Qu
670 2585 752 2654 sesto,
773 2589 839 2646 duas
853 2605 894 2644 res
907 2606 1063 2666 corte-,aea¹
1141 2589 1142 2620 f

134 2681 210 2724 cutus
222 2667 273 2730 ,elit
294 2663 369 2741 qudd
382 2665 497 2741 pignore
509 2664 616 2721 animos
627 2664 814 2724 centurionum
829 2663 961 2733 devinxit,
974 2670 1000 2724 a
1014 2729 1025 2742 ,χ
1053 2657 1066 2722 ‘t
1141 2721 1142 2730 ,

133 2744 277 2820 largitione
290 2741 405 2798 redemit
418 2740 533 2798 militum
547 2739 707 2808 voluntates.
941 2778 945 2786 .
1046 2723 1065 2808 s

172 2817 335 2880 XXXVIII.
358 2816 456 2875 Fabius
474 2815 648 2874 finitimarum
667 2817 807 2877 civitatum
832 2819 940 2880 animos
953 2818 998 2878 lit·
1026 2807 1142 2884 ΜΨ,

132 2899 196 2956 teris
226 2894 382 2973 nunciisque
405 2893 534 2952 tentabat.
572 2893 608 2950 In
632 2893 723 2952 Sicore
749 2894 863 2954 slumine
898 2903 996 2974 pontes

131 2975 256 3034 effecerat
282 2974 359 3038 duos,
380 2973 450 3030 iuter
473 2971 500 3029 se
525 2971 649 3029 dislnntes
677 2970 761 3028 millia
786 2971 908 3046 passuum
935 2990 994 3029 tv:

130 3052 171 3108 his
196 3050 321 3128 pontibus
348 3049 504 3128 pabulatum
531 3047 671 3112 mittebat;
690 3045 765 3124 qudd
787 3067 829 3114 ea,
849 3066 912 3122 quse
925 3050 995 3104 citra

130 3129 231 3186 flumen
257 3139 342 3194 erant,
368 3125 547 3206 superioribus
561 3125 655 3182 <liebus
681 3122 887 3198 consumpserat.
924 3121 996 3182 Hoc

128 3205 204 3262 idern
228 3201 292 3268 sere,
313 3217 395 3280 atque
416 3204 512 3264 eidem
535 3203 572 3260 de
597 3201 686 3270 cana,
707 3199 865 3274 Pompeiani
891 3199 995 3256 exerci-

127 3277 427 3366 saracenorum
447 3279 596 3362 cttbrdque
608 3279 679 3340 iuter
692 3276 720 3340 se
735 3273 898 3355 equestribus
918 3293 997 3410 prpitii
