2254 3770
188 149 212 238 4
340 129 883 234 C.JuurrCAEsAnrs

194 287 198 294 '
228 281 266 338 V.
285 277 369 336 Erant
379 279 491 352 omnino
504 279 599 336 itinera
611 275 674 343 duo,
695 276 790 354 quibus
809 277 945 338 itineribus
965 265 1051 338 domo

186 358 259 416 exire
271 355 389 434 possent:
410 375 492 417 unum
510 375 559 432 per
572 359 718 429 Sequanos,
738 357 879 432 angulum
893 361 917 414 dr
931 355 1048 421 difficile,

186 437 257 493 inter
279 447 400 490 montem
425 433 518 508 Juram
544 436 569 490 dr
591 431 692 488 flumen
716 433 891 499 Rhodanum,
924 452 980 510 quo
1003 435 1051 490 vix

186 510 282 588 singuli
300 510 369 567 carri
384 509 561 574 ducerenturr
587 526 664 565 mons
687 525 778 567 autern
791 510 925 568 altissimus
945 511 1051 586 impen-

159 589 277 653 .debat,
299 601 328 642 ur
352 585 430 644 facile
462 585 591 664 perpauci
617 583 759 660 prohibere
782 589 901 662 possent:
935 586 1051 644 alterum

186 685 235 740 per
249 664 417 741 provinciam
441 665 565 731 nostram,
586 662 672 718 multo
693 662 795 720 facilius
819 677 899 739 atque
919 663 1052 738 expediti-

187 761 215 800 us
224 763 233 807 3
254 754 395 819 propterea
414 737 488 816 qudd
501 739 691 798 Helvetiorum
709 741 780 798 inter
798 739 864 798 fines
883 739 1051 798 &Allobro-

186 837 262 912 gum,
292 817 339 894 qui
369 835 454 892 nuper
473 817 502 874 Ρ.
523 817 558 874 R.
580 815 668 892 pacati
688 830 772 886 erant,
804 816 953 874 Rhodanus
973 815 1052 882 floit3

186 895 261 972 isque
285 893 421 951 nonnullis
446 893 510 952 locis
530 895 601 952 vedo
624 893 753 952 transitur.
795 893 952 951 Extremum
972 894 1053 970 oppi-

185 975 251 1030 dum
277 969 457 1047 Allobrogum
484 970 528 1040 ess,
555 968 762 1048 proximt'tmque
782 969 971 1028 Heluetiorum
990 969 1054 1026 fini-

186 1050 244 1119 bus,
265 1047 398 1104 Geneva:
418 1067 452 1106 ex
474 1049 635 1124 eo‘oppido
653 1065 719 1122 pons
743 1046 778 1105 ad
803 1047 944 1105 Helvetios
970 1048 1053 1123 perti·

186 1141 242 1184 net.
284 1123 476 1202 Allobrogibus
498 1124 550 1183 sese
573 1127 616 1184 vel
643 1123 817 1198 persuasurus,
835 1119 909 1200 qudd
929 1124 1053 1182 nondum

186 1205 260 1262 bono
282 1203 377 1260 anime
397 1203 425 1260 in
453 1203 584 1280 populum
610 1206 645 1264 R.
667 1201 829 1280 viderentur,
852 1201 1053 1284 existimabantr

187 1281 231 1339 rel
252 1276 279 1336 vi
300 1279 447 1349 messuros,
475 1294 505 1338 ut
551 1301 580 1338 er
601 1280 659 1338 suos
680 1279 744 1336 fines
765 1297 810 1336 eos
830 1278 869 1336 ire
887 1291 1053 1354 paterentur.

187 1355 322 1416 Omnibus
336 1355 414 1414 rebus
426 1357 460 1415 ad
471 1299 666 1434 pressionem
676 1357 845 1432 comparatis,
865 1355 938 1413 diem
948 1355 1053 1422 dicunt,

187 1435 243 1514 qud
256 1435 301 1491 die
322 1433 356 1492 ad
375 1433 462 1510 ripam
478 1435 603 1493 Rhodani
623 1453 718 1494 omnes
738 1433 912 1492 conueniant.
954 1433 980 1490 ss
996 1431 1055 1490 dies

188 1525 254 1574 erat.
276 1530 301 1566 a.
320 1511 349 1567 d.
369 1529 395 1565 v.
416 1511 472 1567 kal.
489 1512 557 1587 Apr.
582 1513 612 1568 L.
631 1513 734 1577 Pisone,
757 1510 791 1568 A.
806 1508 927 1567 Gabinio
941 1505 1015 1566 Coss.

180 1633 184 1640 .
227 1588 281 1651 VI.
302 1583 400 1642 Caesari
414 1606 498 1663 quum
513 1589 539 1646 id
554 1589 709 1648 nunciatum
724 1585 798 1654 esset,
819 1606 864 1644 eos
885 1585 1056 1660 perProvin·

188 1667 258 1724 ciam
275 1663 390 1720 nostram
414 1665 465 1721 iter
478 1663 565 1722 secere
578 1667 669 1724 conari
679 1687 690 1734 r
709 1675 823 1722 maturat
843 1663 878 1720 ab
894 1662 972 1721 Urbe
992 1682 1057 1740 pro-

190 1741 283 1806 ficiscis
305 1744 338 1803 δι,
368 1739 450 1814 quim
469 1743 591 1800 maximis
614 1742 750 1800 itineribus
773 1741 866 1818 potest,
885 1742 913 1796 in
934 1739 1059 1798 Galliam

191 1820 348 1878 ulteriorem
369 1818 524 1884 contendit;
551 1824 575 1877 dc
597 1819 632 1878 ad
652 1818 796 1877 Genevam
818 1817 952 1892 pervenit,
991 1816 1059 1874 Pro-

190 1897 288 1954 vinciae
313 1895 362 1950 toti
382 1894 464 1969 quim
491 1899 642 1956 maximum
662 1897 778 1958 militurn
801 1914 944 1954 numerum
970 1894 1060 1970 impe-

191 1989 241 2033 ror.
284 1973 350 2030 Erat
359 1975 477 2036 omnino
488 1975 516 2032 ¹in
531 1973 626 2032 Gallis
643 1975 768 2032 ulteriore
789 1972 862 2048 legio
883 1991 944 2028 uns.
987 1970 1059 2028 Pon-

192 2064 258 2118 tem,
282 2051 327 2128 qui
340 2065 397 2108 erat
410 2051 444 2107 ad
459 2045 612 2120 Generum,
625 2051 706 2127 jubet
720 2049 840 2108 rescindi.
861 2089 869 2102 ·
882 2049 941 2106 Ubi
954 2047 989 2104 de
1003 2047 1062 2121 ejus

194 2130 312 2194 aduentu
337 2123 460 2186 Helvetii
481 2130 606 2192 certiores
633 2131 695 2190 lesli
720 2127 788 2196 sunt,
812 2129 914 2202 legatos
938 2125 972 2182 ad
995 2143 1060 2184 eum
1090 2183 1097 2190 ,

193 2208 303 2266 mittunt
322 2205 495 2267 nobiliffimos
515 2207 645 2280 civitatis,
680 2204 751 2276 cujus
774 2203 916 2278 legationis
943 2201 1062 2259 Numei-

196 2304 226 2340 us
254 2289 277 2342 dr
299 2283 478 2347 Verodosllus
500 2285 651 2360 principem
685 2281 776 2337 locum
808 2277 997 2342 obtinebunts
1013 2279 1062 2355 qui

196 2361 324 2429 dicerent,
338 2361 392 2440 fibi
405 2361 488 2434 effer'n
501 2365 593 2426 animo,
605 2357 664 2432 sine?
677 2355 728 2412 ullo
741 2353 861 2429 maleficio
873 2359 923 2410 iter
933 2369 979 2431 prr
995 2359 1061 2413 Pro·

197 2443 314 2496 vinciam
324 2432 427 2514 sacer‘e,
443 2448 574 2510 propterea
586 2432 651 2512 quid
659 2431 737 2490 aliud
744 2434 796 2488 iter
809 2429 931 2491 baberent
943 2433 1059 2489 nullum:

196 2537 298 2592 rogare,
319 2515 348 2571 ut
360 2511 559 2593 ejusmoluntate
574 2512 604 2566 id
605 2507 659 2585 fibi
663 2511 757 2586 facere
769 2507 854 2565 liceat„
877 2507 974 2578 Caesar,
985 2507 1062 2585 qudd

198 2590 331 2652 memoriis
354 2587 461 2658 tenebat
487 2585 520 2642 L.
542 2586 656 2650 cauum
683 2583 826 2642 Consulem
861 2586 987 2653 occisum,
1016 2605 1066 2642 ex-

200 2667 369 2740 ercitiumque
389 2659 443 2738 ejus
463 2661 497 2718 ab
513 2661 646 2723 Helvetiis
666 2660 769 2736 pulsum
786 2665 813 2718 de
826 2659 873 2719 sub
891 2661 986 2738 jugum
1001 2661 1066 2719 mis-

110 2745 115 2763 *
199 2743 273 2810 sum3
293 2739 495 2809 concedendurn
514 2757 568 2794 non
589 2737 725 2814 putabas
751 2739 852 2816 Neque
871 2739 993 2796 homines
1014 2739 1068 2794 ini-

202 2824 276 2879 mito
293 2821 392 2884 animo,
413 2815 478 2888 dard
504 2813 630 2872 facultate
649 2833 698 2891 per
716 2814 887 2878 Provinciam
901 2816 1001 2872 itineris
1025 2815 1068 2871 sa-

202 2897 516 2972 cinndiptemperaturos
542 2893 577 2960 ab
600 2891 693 2966 injurii
724 2897 749 2958 dr
778 2891 912 2960 maleficio
935 2892 1070 2949 existima-

200 2975 257 3036 bat.
296 2973 415 3038 Tamen,
436 2981 464 3025 ut
484 2968 595 3044 spatium
619 2969 783 3035 intercedere
805 2969 898 3044 posset,
925 2969 991 3026 dum
1015 2971 1070 3026 mi-

201 3048 270 3118 lites,
292 3069 357 3126 quos
371 3050 560 3120 imperaverat,
583 3047 777 3112 conuenirent;
800 3046 896 3122 legatis
918 3045 1070 3122 respondit,

201 3131 267 3188 diem
276 3131 307 3204 se
321 3129 360 3184 ad
369 3123 553 3183 deliberandum
567 3127 740 3198 firmpturum
752 3123 782 3198 st
791 3121 968 3198 quisd'fvellent,
988 3143 1016 3178 a.
1038 3127 1066 3181 d.

203 3207 262 3265 Idus
282 3207 342 3282 Apr.
362 3217 581 3274 reverterentur„
603 3201 710 3255 interea
732 3201 766 3256 ed
788 3200 905 3286 legione,
923 3207 1007 3276 quum
1030 3199 1072 3254 se-

203 3302 267 3368 eum
285 3280 412 3349 habebat,
430 3276 617 3356 militibr‘rsque,
632 3275 686 3361 qui
713 3293 747 3334 ex
765 3273 910 3335 Protinus
934 3293 1073 3358 mmm*

999 3365 1077 3417 tants
