2290 3762
79 133 81 138 Ι
171 186 225 240 ns
251 167 410 258 Bucco
434 163 643 238 Gancrco
667 114 865 235 Lrsssvll.
920 182 985 252 ¹5¹

128 285 164 358 eri
188 295 312 353 omnibus
331 295 450 372 partibus
468 294 559 361 colles,
585 289 716 350 mediocri
734 288 875 364 interjeslo
894 285 990 364 spatio,

130 371 189 444 pari
209 373 355 428 altitudinis
368 373 471 448 fastigio
484 370 617 447 oppidum
636 367 786 442 cingebant.
827 367 883 444 §ub
903 385 991 432 muro,

130 465 192 520 quae
211 467 272 522 pars
290 449 364 506 collis
378 448 412 506 ad
431 449 564 506 orientem
578 445 666 502 Solem
686 445 828 519 spectabat,
848 443 918 500 hunc
932 463 992 500 om·

131 539 193 578 nem
213 526 304 581 locum
323 525 409 598 copiae
429 523 574 582 Gallorum
594 521 812 596 compleverant3
832 518 992 598 foslimque,

31 607 32 624 ¹
131 601 155 652 δι
181 600 327 658 maceriam
349 601 393 656 sex
418 603 446 656 in
473 601 643 658 altitudinem
669 597 771 674 pedum
781 595 992 682 lpraeduxerarrt.

31 667 33 680 '
130 669 192 746 Ejus
206 676 373 743 munitionis,
394 697 456 752 quae
470 678 506 734 ab
519 677 648 734 Romanis
662 673 850 738 instituebatur,
869 675 993 732 circuitus

133 769 166 806 xr
182 751 267 808 millia
279 752 399 840 passuum
412 753 529 810 terrebat.
567 752 659 809 Castra
671 749 827 828 opportunis
841 749 904 807 locis
917 761 993 809 erant

130 826 232 904 posita;
253 829 347 904 ibique
366 829 472 886 casiella
494 828 678 898 xxrrljaila
685 851 694 893 3
718 830 746 884 in
767 826 863 902 quibus
884 827 993 884 castellis

131 904 248 960 interdiu
268 905 390 962 stationes
408 905 626 980 disponebantur,
650 924 684 962 ne
703 923 758 981 qua
778 899 862 958 subitd
881 902 993 978 irruptio

130 979 221 1036 fieret:
242 980 300 1037 haee
313 981 419 1052 eadem,
439 984 531 1050 noiiu,
550 981 746 1039 excubitoribus
758 998 790 1036 ac
804 977 886 1038 sirmis
904 981 992 1056 prast-

130 1055 181 1112 diis
194 1056 362 1115 tenebantur.
596 1089 599 1096 ⁴

168 1131 276 1189 LXIV.
305 1133 399 1208 Opere
417 1131 551 1197 insiitut03
577 1131 607 1189 fit
626 1151 641 1189 e
662 1133 746 1190 ueslre
765 1129 889 1206 proelium
914 1132 942 1190 in
962 1133 994 1191 eri

131 1207 252 1284 planitie,
279 1227 373 1286 quani,
398 1207 572 1265 intermissam
589 1151 711 1274 collibus,
739 1225 779 1262 rur
802 1207 915 1264 millium
937 1209 995 1285 pas·
1019 1211 1023 1224 '

132 1285 208 1342 suum
236 1287 264 1340 in
298 1285 497 1359 longitudinem
529 1297 622 1359 patere
647 1282 724 1360 supri
750 1283 996 1344 demonstravimus.

132 1359 245 1418 Summi
265 1361 293 1416 vi
313 1359 348 1417 ab
369 1359 483 1435 utrisque
501 1360 682 1418 contenditur.
720 1358 915 1415 Laborantibus
939 1359 998 1417 nos-

134 1437 191 1504 tris,
210 1435 300 1493 Caesar
312 1436 465 1494 Germanos
478 1434 624 1501 submittite
644 1433 817 1512 legionisque
837 1453 887 1509 pro
907 1439 997 1494 caum

133 1513 277 1580 constituit,
304 1532 340 1570 ne
359 1533 415 1590 qua
432 1509 517 1570 subitd
537 1515 650 1590 irruptio
673 1513 708 1570 ab
734 1511 849 1568 hostium
874 1512 997 1588 peditatu

133 1589 188 1650 siat.
231 1591 353 1648 Praesrdio
365 1591 503 1666 legionum
517 1591 620 1658 addito,
640 1591 735 1648 noliris
748 1591 851 1646 animus
864 1605 996 1664 augetur:

134 1665 218 1724 bolies
237 1666 375 1744 iu'lugam
392 1666 514 1741 conjesli,
534 1666 621 1743 seipsi
640 1666 809 1726 multitudine
828 1665 979 1740 impediunt
986 1690 996 1733 ς

133 1744 416 1818 atqueangullioribus
436 1746 519 1821 portis
538 1744 635 1802 reliilis
648 1745 824 1802 coarsiantur.
863 1741 997 1809 Germani

133 1819 219 1876 acriis
240 1821 376 1896 usquead
395 1823 557 1880 munitiones
576 1819 729 1896 lequuntur.
768 1821 812 1876 Fit
828 1839 927 1896 magna
947 1839 998 1878 cae·

134 1893 197 1950 des:
216 1891 348 1962 nonnulli,
367 1897 463 1952 relidlis
478 1897 562 1972 cquis,
583 1897 677 1954 foliam
690 1895 799 1954 tranfire
812 1901 837 1952 δι
851 1896 996 1956 maceriam

134 1969 319 2032 transceudere
338 1985 479 2026 conantur.
517 1969 639 2028 Paullum
665 1972 785 2046 legiones
807 1973 904 2040 caesar,
930 1993 997 2050 quas

133 2048 186 2124 pro‘
205 2045 276 2101 vallo
296 2045 475 2112 constituerat,
502 2046 657 2119 promoveri
678 2045 762 2118 jubet.
802 2045 869 2104 Non
896 2049 996 2118 minbs,

133 2122 181 2198 qui
201 2118 270 2177 intrd
289 2121 451 2178 munitiones
471 2132 556 2185 erant,
583 2119 658 2174 Galli
678 2118 883 2193 perturbanturs
911 2127 998 2183 veniri

134 2200 169 2256 ad
188 2198 214 2254 se
235 2195 372 2256 confestim
386 2194 571 2260 existimantes,
589 2194 623 2250 ad
637 2213 712 2250 arma
724 2195 910 2253 conclamant:
929 2219 999 2258 non-

134 2275 201 2331 nulli
218 2273 360 2352 ¹perterriti
386 2276 413 2332 in
434 2271 564 2348 oppidum
590 2271 752 2346 irrumpunt.
791 2270 999 2348 Vercingetorix

130 2349 210 2424 jubet
228 2355 319 2428 portas
338 2349 434 2417 claudi,
462 2367 497 2405 ne
516 2347 600 2404 casira
620 2347 762 2404 nudentur.
802 2346 900 2404 Multis
918 2350 1000 2407 inter-

127 2427 219 2516 ·seiiis,
252 2423 433 2503 compluribus
459 2425 534 2501 equis
560 2425 662 2501 captis;
695 2421 828 2482 Germani
853 2423 905 2483 sese
920 2427 999 2502 ,teci-

153 2517 219 2562 tunt.
641 2534 644 2542 .

133 2522 151 2580 p
173 2579 265 2639 LXV.
286 2579 506 2656 Vercingetorix,
533 2578 686 2656 priusquam
706 2579 921 2638 munitionesab
940 2573 998 2640 Ro-

136 2656 224 2714 manis
242 2657 421 2734 perficiantur,
449 2655 585 2714 confilium
605 2658 685 2732 capit,
712 2676 823 2716 ornnem
842 2657 860 2715 ai
877 2655 902 2714 se
921 2661 998 2736 equi-

136 2745 224 2790 tatum
245 2735 325 2790 nostu
338 2732 481 2790 dimittere.
522 2733 724 2792 Discedentibus
738 2734 857 2801 mandat,
879 2749 906 2791 ut
918 2740 998 2806 sorana

135 2809 232 2886 piisque
251 2831 333 2866 eorum
351 2813 487 2868 civitatem
506 2812 599 2874 adcon
620 2813 753 2887 omnisque,
771 2818 813 2886 qui
827 2824 873 2884 per
892 2826 999 2870 aeratem

136 2906 214 2943 arma
222 2888 301 2958 ferre
314 2887 412 2960 pofflnt,
434 2890 472 2943 ad
486 2883 576 2944 bellam
594 2901 701 2962 cogant:
714 2894 767 2961 sua
786 2891 813 2942 in
832 2885 890 2942 illos
904 2892 999 2944 merita

137 2962 283 3038 proponit3
300 2959 490 3039 obtestatirque,
511 2977 540 3019 ut
550 2965 609 3036 firae
621 2962 718 3037 scalaris
732 2967 855 3018 rationem
870 2959 998 3029 babeants

138 3059 185 3096 neu
196 3040 228 3110 se
246 3040 276 3095 do
293 3043 412 3094 communi
431 3037 551 3096 libertate
567 3038 658 3112 optimi
678 3042 795 3096 meritam
813 3041 998 3096 interciatam

139 3112 245 3187 hostibus
259 3117 366 3171 dedant:
387 3119 429 3190 qui
439 3115 469 3190 fi
484 3113 678 3189 indiligentiores
687 3117 801 3188 fuerint,
820 3113 904 3170 millia
918 3115 999 3172 homi·

138 3210 196 3244 num
218 3207 304 3248 cxxx
323 3189 422 3256 deletio
432 3191 516 3264 secum
533 3195 675 3246 interitura
687 3187 865 3247 demonstrat:
887 3193 1000 3246 Ratione

136 3267 216 3344 inires,
226 3267 427 3344 ftuncntumse
438 3263 637 3404 enigade'erun
654 3265 720 3322 κῆ
734 3261 838 3336 habers
849 3267 901 3340 ſsd
910 3265 999 3355 purello

124 3375 127 3378 ·
571 3359 592 3418 4
772 3411 777 3416 ι
918 3353 997 3399 ettam

752 3450 797 3489 o*-
