2302 3782
253 136 308 190 ιιι
330 115 478 192 Brsno
504 111 897 189 Anaxaunnrnoss
934 138 1003 214 329

181 243 315 304 XXXIX.
336 243 448 310 Cassrus,
461 241 616 320 legionibus
631 243 660 301 in
673 244 799 320 hyberna
812 241 953 321 dispositis,
968 243 1006 300 ad

137 319 185 400 jus
194 322 341 382 dicendum
355 319 516 380 Cordubam
536 319 564 378 se
578 322 708 400 recepit;
729 323 954 398 contractumque
975 321 1005 378 ist

143 401 179 460 ei
199 419 234 459 aes
257 401 387 466 alienum,
407 398 564 476 gravissimis
586 399 714 457 oneribus
737 400 887 476 provinciae
906 397 1005 457 consii-

141 479 195 536 tuit
215 477 374 537 exsolvere:
406 483 432 533 sc
453 479 494 549 (ut
515 475 667 555 largitionis
689 477 806 556 postulat
825 475 1004 545 consuetudo)

143 573 194 634 per
211 555 321 615 causam
333 553 504 613 liberalitatis
526 551 675 632 speciosam
687 554 767 634 plura
784 555 908 634 largitori
929 573 1005 634 quas-

142 633 288 694 rebantur:
322 631 446 710 pecuniae
467 631 651 710 locupletibus
677 633 903 712 imperabanturr
935 650 1004 710 quas

141 709 286 790 Longinus
311 709 361 768 fibi
386 708 516 787 expensas
540 709 606 770 setri
628 729 685 770 non
707 711 816 769 tantum
837 710 1003 789 patiebatur,

141 785 189 846 sed
212 791 296 848 etiarn
317 787 454 865 cogebat:
481 787 511 844 in
528 808 643 868 gregem
663 789 853 866 locupletium,
883 789 1004 846 stmulta

141 878 203 924 tunt
225 865 311 925 causae
329 880 424 924 tenues
444 865 678 943 conjiciebantur:
698 887 789 944 neque
811 867 898 926 ullum
936 885 1003 925 enus

143 945 267 1020 questus,
288 944 339 1002 a‘ut·
357 944 451 1022 magni
473 949 499 1000 st
512 945 655 1014 evidentis,
676 959 723 1006 aut
742 945 851 1003 minimi
872 950 898 1004 u
916 885 1003 1003 iordi-

142 1020 181 1088 di,
202 1021 478 1100 pretermittebatura
498 1041 555 1098 quo
566 1023 664 1081 domus
683 1029 709 1081 ει
722 1023 841 1080 tribunal
854 1023 1004 1101 imperato-

142 1098 179 1155 ris
191 1113 310 1158 vacaret.
351 1097 449 1158 Nemo
471 1115 539 1168 erat,
561 1101 609 1176 qui
630 1099 715 1160 modi
729 1101 850 1177 aliquam
867 1102 1005 1177 jasiuram

142 1173 236 1234 sacere
248 1177 344 1254 posset,
364 1177 433 1254 quin
453 1192 501 1236 aut
524 1177 685 1239 vadimonio
703 1191 852 1246 teneretur,
873 1194 920 1237 aut
933 1178 1004 1236 inter

128 1265 205 1312 'reos
214 1256 370 1312 referretur.
409 1256 454 1314 Ita
473 1256 558 1315 etiarn
568 1275 671 1334 magna
693 1254 846 1314 sollicitudo
866 1256 1005 1334 periculo

141 1347 205 1466 pum
227 1331 264 1390 ad
280 1331 401 1409 jasiuras
419 1339 445 1392 ir
465 1335 631 1395 detrimenta
652 1333 695 1394 rei
706 1333 850 1394 familiaris
868 1334 1003 1413 adjunge-

112 1453 116 1458 ·
162 1421 231 1467 atur.
900 1457 902 1464 ,

181 1488 243 1546 XL.
265 1489 372 1558 Quibus
394 1491 430 1550 de
452 1491 537 1552 causis
559 1491 669 1560 accidit,
690 1505 729 1562 ut,
750 1510 836 1570 quum
861 1489 1002 1568 Longinus

136 1561 295 1643 imperator
307 1568 405 1628 eadem
418 1570 531 1639 faceret,
554 1591 616 1648 quae
626 1570 730 1630 fecerat
743 1571 886 1644 Qtaestorr
905 1567 1005 1628 similia

142 1643 231 1702 rursus
250 1645 286 1704 de
298 1663 388 1706 morte
401 1649 458 1724 ejus
472 1648 653 1727 provinciales
666 1648 778 1710 confilia
790 1648 899 1707 inirent.
941 1646 1006 1706 Ho-
1102 1656 1106 1672 ‘

139 1737 202 1778 tum
216 1723 310 1782 odium
326 1726 528 1786 confirmabant
539 1727 665 1786 nonnulli
685 1726 834 1786 familiares
846 1725 920 1802 riusa
941 1723 1002 1804 qui,

139 1816 227 1873 quum
239 1802 268 1860 in
280 1801 329 1862 illa
341 1803 470 1864 societate
480 1803 652 1884 versarentur
663 1806 833 1884 rapinarum,
851 1803 940 1862 nihilo
949 1802 1003 1860 rni-

140 1874 192 1931 nus
205 1890 298 1935 tamen
311 1880 427 1940 oderant
436 1899 511 1950 eum,
531 1884 608 1958 cujus
643 1885 738 1942 omine
749 1881 917 1962 peccabant:
938 1880 1003 1938 fibi-

139 1969 205 2026 que‚
226 1953 301 2030 quod
323 1971 480 2033 rapuerant,
501 1889 646 2034 accepturis

139 2027 254 2096 cidetat,
276 2043 323 2088 aut
343 2047 403 2090 erat
414 2033 629 2109 interpellatum,
650 2036 740 2094 Caffio
754 2019 930 2112 affignaliant.
972 2037 1002 2094 V

139 2105 281 2182 legionem
299 2125 402 2166 novam
414 2109 578 2167 conscribit:
600 2124 715 2187 augetur
736 2112 832 2168 odium
845 2119 870 2169 se
894 2135 929 2172 ex
941 2113 1002 2190 ipso

139 2183 256 2253 delean,
278 2189 304 2244 δι
326 2185 436 2265 sumptu
448 2184 548 2243 additae
561 2186 687 2264 legionis.
729 2188 1002 2268 Complenturequi·

138 2275 200 2320 tum
221 2281 262 2321 ιιι
283 2263 394 2331 milliar
423 2261 608 2340 maximisque
631 2274 762 2322 ornantur
784 2263 928 2344 impensu:
949 2287 1002 2330 noc

138 2340 290 2418 provinciae
302 2342 384 2401 datur
395 2341 452 2399 ulla
464 2340 582 2418 requies.
765 2405 771 2415 ¹

176 2419 254 2478 XLI.
275 2419 391 2478 Interim
400 2420 503 2478 litteras
514 2415 774 2496 accepitiCaesate‘,
793 2433 823 2480 ut
833 2420 862 2479 in
873 2419 1000 2486 Africam

138 2498 290 2556 exercitum
316 2497 493 2574 transjiceret,
527 2496 634 2575 perque
652 2498 853 2557 Mauritaniam
875 2499 910 2558 ad
932 2503 1001 2562 fines

139 2571 282 2632 Numidiae
302 2577 474 2653 pervenirem
495 2575 571 2652 quod
591 2594 694 2654 magna
714 2577 768 2636 Cn.
781 2577 916 2656 Pompeio
928 2580 1001 2657 Juba

139 2667 190 2708 rex
212 2651 322 2712 miserat
334 2653 446 2721 auxilia,
467 2653 628 2732 majorique
641 2655 765 2714 missurus
786 2655 998 2720 existimabatur.

133 2726 246 2806 'Qubus
258 2729 354 2790 litteris
376 2731 504 2809 acceptis,
524 2731 650 2792 insolenti
662 2731 804 2811 voluptate
817 2733 1001 2803 efferebatura

137 2806 215 2881 quod
236 2806 286 2865 fibi
308 2827 442 2869 novarum
466 2809 679 2891 provinciarum,
700 2817 726 2869 sc
746 2810 898 2870 fertiliffimi
920 2814 1000 2891 regni

138 2895 217 2941 tanta
235 2883 331 2946 oblata
341 2888 407 2946 esset
419 2887 544 2946 facultas.
583 2889 684 2966 Itaque
705 2888 763 2966 ipse
782 2889 812 2946 in
829 2889 999 2952 Lusitaniam

137 2960 325 3036 proficiscitur,
346 2965 382 3022 ad
395 2965 517 3044 legiones
537 2965 721 3034 accersendas,
742 2965 899 3044 amciliaque
912 2967 1000 3027 addu-

136 3038 242 3110 cenda:
263 3042 343 3101 certis
362 3043 519 3102 hominibus
541 3043 590 3102 dat
608 3043 761 3122 negotium,
781 3055 812 3102 ut
831 3044 1001 3110 frumentum

136 3115 276 3196 nave‘sque
298 3140 315 3179 c
334 3134 560 3200 prepararentur,
581 3121 771 3202 pecuniaeque
782 3121 999 3184 describerentur

104 3196 105 3202 ’
137 3205 222 3270 atque
234 3197 456 3276 irnperarentura
473 3219 510 3258 ne
523 3219 578 3277 qua
591 3220 644 3269 res,
662 3214 752 3278 quum
763 3199 882 3270 redisset,
905 3221 1000 3260 mora·

138 3283 224 3356 fellu·
264 3278 380 3343 Reditus
409 3279 468 3360 ejus
491 3277 544 3341 suit
563 3277 825 3344 celemensium
853 3279 1000 3360 opiniones

141 3410 145 3418 .
771 3373 776 3380 '
941 3373 1003 3419 non

659 1959 802 2026 serebant3
823 1958 899 2037 quod
917 1961 1002 2018 inter-
