2254 3758
130 109 273 208 376·
366 96 410 182 A.
466 97 743 207 biiugi-o

124 256 270 312 armatura,
296 240 411 300 mirabili
429 240 571 302 velocitate
589 239 704 316 praediti,
725 239 773 314 qui
792 239 867 301 inter
884 243 999 320 equites

125 321 294 399 pugnabant,
320 321 345 373 ἀ
363 315 417 376 una
438 316 590 396 pariterque
610 335 673 375 curn
697 315 827 394 equitibus
847 337 990 378 accurrere

125 402 153 454 dc
178 396 300 473 refugere
318 393 518 453 consueverant
557 394 649 463 Quum
675 391 727 450 boc
746 391 835 468 saepius
855 395 988 466 lacerenu

123 475 152 530 a
175 473 296 549 Julianus
321 470 515 547 proficiscentes
542 467 751 545 insequerentur,
779 473 803 526 δι
828 471 988 548 refugerent

124 547 260 616 inllames,
287 547 399 626 propius
419 565 476 606 non
500 545 667 614 accederent,
694 550 720 604 δι
738 545 859 622 fingulari
884 567 988 640 genere

123 643 223 702 pugnae
243 637 389 693 uterentur,
415 623 514 700 eosque
530 622 625 698 jaculis
644 622 836 681 convulnerare
854 621 912 682 satu
931 627 987 684 esse

122 702 319 768 existimareotr
347 699 435 760 Caesar
454 699 586 758 intellexit
604 698 672 757 nibil
698 699 772 758 aliud
797 698 855 758 illos
881 703 986 771 conari,

123 777 172 848 nisi
191 791 221 836 ut
238 777 412 856 secogerent
430 777 513 836 castra
530 777 559 834 iu
579 795 613 834 eo
632 776 693 836 loco
706 795 819 852 ponere,
839 775 886 834 ubi
897 780 997 837 omni2=

122 869 162 913 no
188 872 265 914 auae
291 854 358 913 nihil
376 856 456 920 esset3
483 867 512 912 ut
531 856 660 912 exereitus
685 851 741 926 ejus
763 851 878 927 jejunus,
905 857 950 932 qui
970 855 999 932 ξι

123 946 223 1008 quarta
241 931 334 1008 vigilii
360 929 495 1008 usquead
520 930 617 990 horam
639 949 659 988 x
681 931 736 988 diei
762 929 830 988 nilril
855 931 993 1007 gulliffctr

122 1023 156 1064 ac
171 1005 293 1082 jumenta
312 1006 353 1064 liti
372 1009 498 1085 perirent.
537 1008 629 1076 Quum
647 1004 709 1080 jam.
723 1005 765 1064 ad'
778 1005 846 1064 Solis
865 1007 985 1072 occasum

123 1081 197 1152 esser,
224 1089 249 1140 tr
267 1103 323 1142 non
343 1097 414 1142 totos
428 1103 456 1146 „c
472 1085 557 1162 passus
580 1083 652 1142 borio
677 1103 713 1144 ru
733 1084 796 1143 effer
822 1083 986 1160 progressura

124 1161 246 1234 equitatu
264 1158 321 1230 suo,
343 1174 454 1238 propter
473 1179 605 1239 equorum
623 1161 772 1230 interitum,
798 1174 918 1221 extremo
936 1183 1009 1238 agv-

124 1237 199 1294 rniue
217 1251 333 1305 remoto,
361 1239 481 1316 legiones
506 1239 623 1296 invicem
650 1239 684 1294 ad
711 1253 861 1296 extremum
887 1258 985 1314 agmen

123 1311 263 1370 evocabat.
301 1313 345 1372 Ita
363 1318 420 1374 viru
438 1317 568 1384 hostium
589 1313 694 1390 placide
716 1313 866 1391 lenite'ique
891 1335 985 1390 proce·

123 1388 202 1458 dens,
229 1407 277 1467 per
294 1388 477 1468 legionarium
500 1393 613 1450 militem
638 1391 808 1454 commodius
836 1390 984 1452 sustinebar

121 1463 238 1524 Interim
264 1466 387 1544 equitum
405 1469 589 1536 Numidarum
614 1469 700 1545 copiae
719 1469 820 1528 dextri
833 1468 987 1546 sinistrique

119 1561 174 1618 per
197 1543 277 1602 colles
295 1564 467 1621 praecurrere,
493 1543 664 1623 coronae'que
683 1549 710 1606 in
737 1547 850 1605 modum
876 1547 997 1623 cingere

121 1621 293 1678 multitudine
311 1620 357 1678 suri
376 1622 485 1680 Caesaris
503 1624 614 1698 copiose,
636 1642 696 1697 pars
715 1641 814 1698 agmen
835 1635 998 1680 extremum·

117 1695 234 1774 insequi.
275 1695 385 1754 Caesaris
404 1713 494 1756 autem
519 1718 575 1754 nou
598 1697 713 1772 amplius
733 1709 848 1754 treuaut
867 1712 987 1770 quatuor

120 1774 219 1831 milites
238 1773 357 1831 veterani
376 1772 396 1827 li
415 1772 441 1828 se
460 1771 653 1836 convertissent,
678 1774 703 1826 δι’
722 1773 779 1843 pila
798 1767 898 1828 viribus
916 1791 1000 1830 con„

120 1861 194 1906 torta
225 1849 253 1904 in
287 1847 421 1902 Numidas
451 1846 556 1917 infestos
588 1842 767 1918 conjecissent,
804 1844 920 1922 amplius
956 1867 995 1906 υτ

119 1923 234 1984 millium
253 1938 375 1989 numero,
403 1919 438 1977 ad
457 1939 547 1978 unum,
568 1931 645 1996 terga
664 1921 822 1988 vertebam
846 1941 879 1982 ac
898 1926 984 1988 rursus

119 1999 155 2058 ad
173 1996 261 2056 aciem
278 1995 386 2076 pasfim,‚
406 1997 538 2056 conversis
557 1999 642 2086 equis,
666 1998 692 2056 se
710 1999 883 2076 colligebant,
901 2016 999 2081 atque·

119 2077 149 2134 in
168 2073 184 2132 s
198 2073 339 2134 ariocons
370 2073 509 2150 debentur,
536 2078 561 2132 &
578 2075 669 2149 jacula
685 2077 713 2133 in
734 2077 897 2156 legionarios
916 2099 982 2142 cotn-

118 2153 180 2230 iicie
218 2166 257 2212 nt.
293 2154 337 2210 Ita
374 2151 446 2223 aesar,
465 2149 550 2212 modo
562 2154 743 2230 procedendo.
763 2152 853 2232 model.
866 2157 983 2214 refillcn·

120 2231 168 2302 do,
194 2228 295 2290 tardius
313 2231 410 2288 itinere
429 2227 564 2299 consesto,
589 2232 673 2288 nouis
692 2229 761 2289 horai
775 2231 996 2318 ‘primi'omnqsa

120 2307 180 2366 suos
199 2309 233 2366 ad
254 2327 337 2368 unum
355 2307 384 2365 in
404 2307 491 2366 castris
504 2305 661 2376 incolumes,
680 2307 771 2366 sauciis
793 2327 812 2365 x
836 2309 921 2378 fallu,
939 2329 982 2369 re·

120 2384 205 2442 duxit.
242 2385 377 2458 Labienus
395 2385 500 2442 circiter
520 2401 576 2444 cco
596 2384 701 2456 amidis,
721 2385 810 2443 multis'
829 2385 981 2458 vulneratie',

120 2479 153 2518 ac
173 2457 274 2517 deseilis
293 2459 414 2522 instando
428 2459 562 2530 omnibus,
583 2459 618 2517 ad
631 2459 689 2520 suos
703 2457 729 2518 se'
741 2462 851 2539 recepit.
880 2465 982 2541 'Scipio

64 2585 71 2602 ,
119 2537 229 2595 interim
255 2536 375 2612 legiones
397 2537 539 2612 produetas
562 2555 625 2595 cum
644 2537 668 2596 el
705 2537 807 2604 hantisr
833 2557 900 2624 quos
919 2555 980 2600 ante

96 2655 99 2662 -
119 2613 202 2672 castra
214 2615 242 2671 in
255 2615 322 2680 acie;
342 2613 451 2670 terroris
463 2611 559 2688 gratid,
578 2613 608 2671 iu
621 2631 672 2674 con
683 2617 762 2692 pediu
774 2615 883 2674 Caesarie
897 2617 980 2678 collo-

99 2693 243 2756 *caverat‘r
263 2689 366 2748 reducit
378 2689 407 2744 in
420 2689 510 2746 casira.
916 2699 919 2706 '

158 2767 234 2825 LXI.
259 2767 348 2823 Caesar
366 2779 459 2822 contra
479 2763 607 2840 ejusmodi
632 2766 748 2828 hostiurn
772 2787 874 2844 genera
891 2770 981 2847 copiae

118 2843 185 2914 strae,
205 2861 260 2902 non
280 2855 310 2900 ut
327 2841 479 2917 Imperator
497 2845 819 2904 exercit'um'veteranum
837 2846 981 2908 vitiorem·

119 2920 315 2998 que-maximis
332 2919 409 2976 rebus
429 2919 515 2994 gellis,
535 2917 581 2978 sed
600 2933 629 2977 ut
648 2920 739 2980 lanista
759 2922 857 2980 tirones
876 2923 981 2999 gladia·

13 3038 16 3054 ,
118 3010 189 3054 tores
208 2995 432 3054 condocefacere:
453 2995 600 3073 quopede
619 2995 815 3074 sereciperenr
836 2999 871 3058 ab
890 2999 980 3066 hollee

121 3076 147 3126 δε
172 3071 402 3146 quemadmodum
430 3071 534 3131 obversi
559 3071 724 3156 adversariis,
752 3075 823 3132 &in
850 3076 979 3153 quantulo

118 3145 202 3224 spatio
227 3145 389 3210 miserente
421 3147 506 3206 modd
531 3161 725 3224 procurrerent,
749 3151 840 3212 ,modu
870 3153 980 3212 recede„
1036 3175 1042 3188 ·

118 3233 190 3291 rent,
215 3220 496 3302 comminarentdrque
514 3226 668 3302 impetums·
687 3247 723 3292 ao
738 3228 829 3306 prope
842 3228 980 3320 quo-loco
