2302 3782
53 52 73 90 s
167 98 238 194 ‘278
338 91 380 169 C.
415 91 579 186 Junrr
615 91 882 168 Cnsnnrs

166 233 262 292 nostrae
274 231 400 290 cobortes
413 249 448 290 rx
465 231 578 308 legionis
592 230 780 298 excubuerant,
800 231 930 292 accessere
942 228 1028 292 subiti

167 309 256 388 priori
280 307 340 366 luce
359 305 516 384 Pompeiani
536 309 680 368 exercitus:
706 305 843 384 novisque
862 326 956 366 eorum
978 308 1027 366 ad·

166 399 261 444 ventus
274 383 386 442 exstitit:
406 383 534 462 finnilque
548 385 660 442 navibus
678 383 849 442 circumcedi
869 384 977 454 milites,
997 385 1029 442 in

164 461 328 520 anteriorem
342 461 441 520 vallum
453 462 507 518 tela
519 460 672 536 jaciebant:
691 458 826 548 fosfae'que
838 479 936 536 aggere
950 456 1032 520 com·'

163 536 321 613 plebantnr:
342 541 367 595 dr
379 537 529 614 legionarii,
549 537 682 597 interioris
694 536 849 594 munitionis
862 535 1025 606 defensores,

164 612 239 671 scalis
257 611 382 684 admotis,
408 613 546 672 tormentis
564 611 692 690 cuiusque
710 613 816 690 generis
834 611 943 690 telisque
968 625 1025 670 ter·

163 689 275 754 rebants
301 689 454 768 magnique
474 689 619 748 multitudo
638 689 834 766 sagittariorum
853 687 886 746 ab
909 689 1026 766 utrique

162 779 241 844 parte
260 764 531 826 circumfundebatur.
572 765 697 824 Multism
716 779 807 824 autem
824 765 859 827 ab
878 764 931 824 ictu
955 763 1030 842 lapi-J

161 845 239 912 dunt,
259 841 333 934 quod
353 860 436 900 unuin
456 841 548 900 nostris
567 855 625 899 erat
643 842 736 908 telum,
757 843 874 900 viminea
887 856 1027 918 tegmenta

162 920 248 998 galcis
272 939 310 978 nn
349 917 404 978 fita·
421 917 611 977 defendebant.
651 919 756 994 Itaque,
790 937 874 994 quum
900 919 1025 978 omnibus

163 995 243 1056 rebus
268 1014 305 1053 no
340 997 347 1010 '
367 1009 559 1074 premerentur,
585 1005 667 1070 atque
686 1012 757 1070 aegre
776 995 937 1061 recheteno
964 994 1028 1066 ani,

163 1070 332 1132 madverfum
344 1075 381 1130 esi
393 1072 489 1132 vidum
501 1069 666 1139 munitionis,
685 1068 760 1146 qnod
772 1068 848 1147 fuprri
861 1069 1024 1130 demonstra·

164 1160 223 1206 tunt
242 1148 294 1213 σῆς
321 1161 403 1226 atque
421 1149 491 1207 inter
508 1149 575 1208 duos
587 1147 681 1216 vallos,
707 1141 763 1223 qui
782 1148 930 1223 perfeiiusn
956 1167 974 1207 o
993 1165 1024 1206 us

164 1243 220 1284 non
240 1239 306 1293 erat,
327 1244 375 1302 per
388 1246 473 1294 unare,
493 1225 605 1286 navibus
618 1222 738 1318 expositi,
758 1225 786 1281 in
800 1223 905 1284 aversos
924 1244 960 1284 uo
993 1243 1026 1284 os

163 1302 296 1380 impetun
309 1301 430 1362 fecerunt
438 1327 447 1370 ;
464 1317 546 1383 atque
558 1321 594 1362 ex
606 1315 720 1379 utraque
740 1301 890 1360 munitione
908 1299 1025 1378 dejecios

165 1392 242 1456 terga
254 1393 360 1438 verrere
373 1383 529 1458 cocgcrunt.
1022 1442 1025 1454 ,

201 1455 281 1514 LIV.
309 1455 375 1516 Hdc
400 1457 514 1517 tumultu
539 1458 677 1520 nunciato.
703 1455 878 1516 Marcellinus
897 1453 1026 1518 cohortes¹

161 1531 277 1591 fubfidio
300 1534 394 1591 nostris
419 1534 598 1592 laborantibus
622 1533 764 1596 summissu
790 1552 851 1608 quae
876 1549 910 1588 err
934 1528 1026 1591 castris¹

161 1609 295 1686 fugientes
307 1608 475 1684 conspicatae.
495 1625 582 1684 neque
595 1608 654 1664 illos
666 1605 713 1663 suo
730 1604 846 1665 adventu
865 1607 1027 1666 confirmare

160 1696 314 1762 potuerunt,
335 1702 423 1760 neque
436 1681 496 1758 ipfae
515 1682 627 1738 hofiium
646 1681 683 1736 im
722 1692 778 1736 turn
799 1679 924 1735 tulerunt.
966 1685 1027 1740 Ita.

161 1780 217 1836 que
235 1759 424 1838 quodcumque
441 1753 590 1812 addebatur
608 1753 672 1809 fubsi
692 1753 730 1818 io,
760 1753 787 1810 id
806 1770 883 1830 corru
905 1766 963 1812 turn
988 1759 1028 1814 ti.

160 1853 237 1894 more
256 1833 425 1908 fugientium,
451 1842 581 1886 terrorem
600 1829 625 1890 sir
644 1825 792 1906 periculum
812 1771 944 1902 augebat:
972 1831 1027 1902 Ιιο,ι

159 1912 264 1970 minum
290 1907 364 1966 enim
390 1905 572 1974 multitudine,
600 1907 721 1983 receptus
744 1905 780 1962 im
803 1904 960 1972 cdiebaturk
990 1907 1024 1968 ln

160 2004 195 2044 eo
214 1983 319 2062 psoelio,
340 2003 424 2062 quum
444 1984 519 2062 gravi
539 1983 649 2040 vulnere
669 1982 731 2043 eifet
786 1983 857 2045 eiius
878 1982 1023 2058 Aquilifer,

161 2067 187 2121 dr
205 2062 304 2120 uiribus
315 2061 489 2126 dchcereture
508 2059 673 2136 conspicatus
692 2061 794 2138 equites
814 2059 923 2128 nostros,
945 2065 1024 2124 Hane

162 2162 215 2218 ego,
227 2138 324 2214 inquit,
337 2136 372 2198 ὅ
384 2144 468 2198 vivus
479 2137 567 2196 multos
576 2153 622 2214 per
631 2159 706 2196 annos
719 2137 817 2214 magnai
831 2137 970 2212 diligentiis
980 2135 1023 2196 del

153 2219 241 2295 fenrd,
260 2215 296 2276 ὅ
308 2239 372 2274 neore
384 2221 489 2276 mort'tns
500 2214 585 2282 uidem
595 2215 650 2290 fide
665 2215 765 2290 Caesari
775 2215 884 2289 restituo.
924 2215 1021 2286 Nolite,

162 2293 266 2369 obsecro,
284 2299 444 2361 committere,
463 2293 526 2369 quod
535 2291 597 2349 anti
610 2295 638 2348 in
652 2295 764 2350 exercitu
778 2291 894 2364 Caesarr's
910 2312 959 2346 non·
975 2315 1020 2364 ατς

161 2373 235 2437 cidit,
261 2385 290 2428 ut
309 2371 351 2428 rei
366 2371 490 2442 militaris
514 2369 612 2426 dedecus
630 2367 806 2425 admiratur:
830 2365 1023 2441 incolume‘mque

160 2449 200 2504 ad
213 2468 267 2503 sum
279 2451 381 2520 referte.
420 2443 485 2500 Hoc
498 2441 557 2499 casu
573 2441 675 2516 Aquila
688 2441 875 2506 conservatum
895 2443 1021 2502 omnibus

96 2553 97 2558 .
158 2524 253 2597 primae
271 2522 389 2611 cohortis
407 2517 608 2578 centurionibus
627 2515 781 2589 interfeilis,
805 2532 903 2594 praeter
919 2519 1022 2596 princi-

160 2617 222 2675 pem
237 2616 363 2674 priorem.

199 2675 261 2732 LV.
276 2671 393 2747 Jaimque
406 2669 584 2746 Pompeiani,
593 2668 693 2747 magni
705 2669 949 2742 caedenossrorum,
964 2669 1021 2730 caf-

160 2750 207 2810 tria
223 2747 379 2810 Marcellini
397 2765 484 2824 appro
504 2746 669 2824 inquabant3
695 2766 750 2806 non
770 2748 900 2808 mediocri
920 2761 1023 2808 terrore

160 2827 237 2894 illato
257 2826 365 2902 reliquis
384 2765 552 2892 cohortibus:
580 2828 605 2880 os
624 2821 667 2880 M.
688 2823 832 2892 Antonius,
860 2824 908 2913 qui
928 2825 1021 2902 proxi-

159 2922 235 2960 mum
255 2902 345 2960 locum
362 2900 472 2970 tenebat
489 2899 680 2976 praesidiorum,
700 2901 733 2959 ei
752 2918 782 2957 re
801 2900 1020 3034 nunciatipcunp

158 2979 313 3036 cohortibus
328 2995 377 3034 xrs
391 2975 553 3035 descendens
572 2996 605 3036 ex
623 2973 685 3034 loco
704 2975 731 3034 fu
753 2978 837 3034 criore
851 2981 929 3034 cer'nc
948 2990 1018 3035 atur.

125 3076 145 3081 ’
158 3051 241 3126 Cujus
265 3054 394 3112 adventus
414 3052 593 3128 Pompeianos
612 3070 672 3111 corn
693 3071 720 3110 re
740 3067 789 3118 ιτς.
802 3050 954 3128 nolirdfque
971 3051 1030 3124 sir}-

158 3128 252 3193 mavit,
266 3142 295 3185 ut
308 3127 334 3190 fc
345 3129 511 3188 ex'ntaximo
523 3129 620 3187 timore
631 3072 798 3204 coliigerent.
817 3128 917 3222 Ncgue
931 3125 1019 3188 multi
1035 3182 1042 3192 .

156 3201 214 3281 pisi
226 3201 322 3274 eafa,
340 3197 532 3286 ¹significatione
545 3224 595 3284 per
608 3204 713 3266 cassella
725 3203 803 3292 furno
817 3205 1019 3360 sasipppptrigrppp
