2302 3782
185 197 263 276 314
432 177 477 250 A·
519 175 809 251 Hr-rtr-rr·

184 308 236 369 bus
249 306 432 370 Alextndrini
452 305 600 390 paucir'ut
621 306 677 368 find
699 307 780 390 signio
793 295 930 386 certisque
947 309 1055 374 ordin-

186 387 248 454 bus,
271 385 326 447 line
340 387 447 450 ratione
480 389 629 456 rodierant,
650 386 686 445 stc
706 401 811 446 temere
829 385 858 446 in
871 407 956 447 naves
979 391 1053 450 retu·

183 481 251 544 gere
262 480 414 546 coeperunt.
485 485 581 530 norrun
599 465 667 562 fugi
684 465 790 526 incitati
802 465 994 538 Alexandrini,
1014 485 1051 529 ex

183 542 300 602 neribus
312 543 531 626 egrediebantur,
552 543 709 624 nostrosque
720 543 807 602 acrius
821 544 994 622 perturbatos
1005 547 1052 607 iu·
1067 581 1069 588 ,

184 619 377 757 seffiuebeotur.
419 621 506 682 Simul
518 623 567 704 qui
580 623 610 683 in
623 622 739 682 navibus
751 621 840 702 longis
853 623 1051 694 remanserant,

184 697 210 756 se
240 719 268 760 as
281 721 389 782 rapere,
410 699 548 780 nave‘sque
561 699 578 759 ὲ
590 699 664 760 terri
676 720 705 759 re
727 699 821 769 ellere,
843 701 1048 780 properabunts

185 797 221 836 ne
237 776 327 839 hostes
346 779 461 842 navibus
486 779 649 859 potirentur.
691 721 799 858 (bibus
819 780 946 838 omnibus
967 780 1061 854 sebur¹

183 856 337 932 perturbati
358 858 458 918 milites
470 857 552 916 nostri
565 857 722 918 cohortium
735 858 827 926 trium,
869 877 910 915 uae
922 859 951 916 in
964 871 1051 937 ponte

184 953 218 994 ac
238 936 328 1014 pn'rnsl
347 935 422 996 mole
441 935 632 1012 constiterants
648 955 739 1072 purus
763 935 824 1016 post
847 878 874 995 le
899 935 1051 997 clamorem

184 1013 357 1085 exaudirent,
377 1011 474 1150 iopam
496 1013 606 1074 suorum
618 1015 648 1072 vi
667 1027 755 1083 erent,
775 1033 909 1094 magnoin
925 1015 981 1072 viru
1004 1029 1051 1084 te·¹

185 1089 275 1150 lorum
288 1093 393 1154 adverti
419 1093 581 1162 ullinerent3
600 1093 691 1162 veriti,
711 1112 747 1151 nc
759 1091 796 1152 ab
808 1106 888 1173 tergo
898 1093 1051 1152 circumve·

184 1167 326 1239 nirentur;
346 1177 372 1231 &
384 1171 495 1232 discellu
517 1173 631 1233 navium
644 1171 759 1232 omuino
779 1171 871 1232 reditu
883 1171 1051 1231 interclude·
1128 1207 1129 1248 3

185 1257 296 1316 rentur;
316 1251 541 1310 munitionemin
553 1263 669 1342 pontem
698 1249 848 1310 institutum
866 1250 1051 1328 reliquerunt,
1128 1249 1129 1252 ’

185 1331 211 1382 δι
233 1345 337 1408 magno
359 1329 438 1390 cursu
459 1331 566 1391 incitati
579 1329 616 1389 ad
636 1347 722 1388 nares
744 1328 960 1390 contenderunt:
980 1343 1050 1406 quo·

184 1421 247 1468 runt
266 1424 339 1486 pars,
359 1410 499 1490 proximas
511 1411 593 1469 satta
604 1427 699 1477 naves,
719 1407 895 1468 multitudine
907 1406 1054 1466 hominum

185 1497 269 1575 atque
290 1506 374 1548 onere
396 1487 520 1568 deprell'a
542 1488 598 1554 ests
627 1505 691 1578 pars
716 1485 847 1555 refistene,
866 1491 894 1545 de
913 1484 1053 1568 dubitant.

184 1557 253 1694 pund
273 1563 338 1624 ellet
358 1567 525 1657 capiendum
547 1559 663 1654 consilii,
689 1563 728 1652 sb
751 1563 949 1654 Alexpudrinie
968 1561 1054 1630 inter·¹

199 1639 317 1700 ellaest.
357 1639 631 1702 Normullrfelrcrore
644 1653 757 1696 extrue
843 1651 883 1698 tas
898 1640 934 1697 ad
947 1640 1055 1708 sochot

186 1715 246 1774 r'anr
258 1735 342 1776 nares
355 1718 501 1784 consecuti,
522 1713 674 1782 incolumes
686 1713 758 1769 disce
779 1725 873 1770 erunt:
932 1718 990 1783 uci,
1015 1717 1058 1787 alt

185 1793 270 1851 levati
283 1792 372 1858 scutis,
392 1799 419 1849 uc
437 1789 585 1862 animoad
598 1786 756 1846 conandum
776 1787 846 1856 nixi,
867 1807 884 1848 a
922 1791 1060 1869 proxima
1128 1823 1129 1831 κ

63 1869 67 1876 ’
185 1869 296 1948 navigia
308 1867 481 1928 sdnstslrunt.
522 1863 624 1932 Caesar,
645 1865 740 1942 quoad
758 1867 858 1945 potuit,
878 1869 1060 1933 cohortaodo

184 1946 245 2004 suos
268 1945 303 2005 ad
327 1959 442 2028 pontem
462 1951 488 2005 δι
510 1942 677 2004 munitiones
699 1944 880 2016 contendere,
900 1947 1002 2008 eodem
1024 1952 1054 2010 iu
1127 2006 1128 2021 ,

184 2023 310 2102 periculo
322 2023 442 2086 versatus
452 2027 504 2087 est:
518 2023 663 2104 postquam
670 2021 808 2082 universos
818 2023 917 2086 cedere
927 2025 1056 2086 coinred·
1127 2027 1128 2030 ’

188 2104 279 2174 vertit,
308 2105 338 2164 in
362 2101 440 2182 suurn
460 2102 604 2183 navigium
626 2100 654 2160 se
684 2101 803 2180 recepit:
840 2102 898 2182 qud
928 2103 1056 2167 multitu.

164 2197 166 2204 ·
187 2183 226 2242 do
239 2183 386 2244 hominurn
403 2183 525 2244 insecuta
535 2197 625 2318 plum
636 2179 810 2258 irrumperet,
830 2199 921 2260 neque
935 2181 1057 2242 admini-

189 2261 289 2321 strandi
307 2281 397 2398 nepae
411 2262 534 2398 repelleo
555 2255 679 2318 ‘iterri
697 2255 812 2321 facultas
828 2259 961 2327 damtune
981 2259 1055 2331 fore,
1127 2307 1128 2328 ,

190 2341 267 2414 quod
286 2342 345 2400 acci
364 2341 396 2410 it,
416 2336 445 2399 su
457 2342 571 2418 piretus,
591 2333 646 2394 sese
666 2353 702 2396 ex
713 2335 830 2416 navigio
847 2337 929 2415 ejecit
939 2361 948 2405 3
968 2351 1057 2430 arque

190 2415 226 2474 sd
239 2437 295 2488 eas,
315 2437 377 2496 quae
389 2417 499 2497 longius
509 2415 693 2484 constiterant,
712 2431 797 2473 naves
810 2413 967 2474 adnatant:
987 2417 1057 2477 luno

190 2493 244 2552 suis
266 2494 456 2560 laborantibus
476 2493 592 2552 subfidio
615 2487 729 2568 scaphas
754 2491 874 2563 mittens,
906 2494 1060 2560 nonnullos·

192 2571 372 2634 conservavit.
413 2571 566 2648 Navigium
589 2567 703 2646 quidem
717 2570 785 2648 ejus,
806 2571 981 2634 multitudiue
1005 2573 1058 2633 de-

192 2649 311 2730 prelium
334 2647 463 2716 militum,
493 2643 548 2705 uni
569 2664 634 2705 cum
656 2648 813 2708 horninibus
838 2649 948 2710 interiit.
987 2649 1060 2712 Huic

194 2727 294 2806 proelio
303 2725 447 2784 deriderati
460 2723 520 2785 sunt
533 2742 568 2784 ex
581 2743 697 2784 numero
709 2723 925 2806 legionariorum
936 2727 1061 2789 militurn

194 2803 303 2864 circiter
325 2819 373 2871 co,
394 2807 421 2862 lc
433 2803 528 2882 paullo
546 2803 696 2863 ultraeutn'
718 2823 863 2865 nnmerum
882 2805 1005 2865 cluilinrii
1032 2811 1062 2866 dc
1127 2803 1128 2879 l

197 2883 325 2962 remiges.
367 2881 549 2942 Alexandrini
572 2902 607 2943 eo
619 2881 683 2942 loco
696 2881 834 2942 castellum
845 2883 953 2964 magnis
966 2885 1064 2944 munl-

196 2961 317 3021 tionibus
343 2959 440 3020 multis
455 2978 490 3020 ue
515 2962 656 3021 tormentis
683 2961 914 3021 confirmaverunt
921 2987 931 3030 ς
962 2976 1066 3042 atque.

197 3039 294 3172 egepiis
308 3057 343 3098 ex
363 3039 434 3098 mari
473 3040 591 3120 pidibus,
611 3037 697 3098 liberd
709 3033 770 3100 suut
782 3040 821 3099 usr
833 3040 926 3120 postes
944 3039 981 3100 sd
993 3041 1065 3103 mit-

198 3125 245 3177 ten
266 3117 359 3174 ansvi
379 3119 416 3177 ia.
476 3133 478 3140 ’
824 3139 827 3144 ·
1049 3145 1052 3150 ·

238 3194 303 3258 XV.
325 3192 570 3256 Hocdetrisneuto
582 3194 682 3254 milites
697 3195 779 3274 nostri
791 3207 900 3256 tantum
913 3195 1068 3260 abfuerunt

201 3289 232 3335 ut
245 3273 478 3356 perturbarentur,
499 3289 530 3332 ut
542 3274 642 3332 incensu
655 3267 745 3353 potius
765 3287 849 3352 atque
861 3275 969 3335 incitati
981 3295 1068 3356 mag-

202 3373 251 3415 nas
263 3351 424 3418 scceffions·
440 3352 556 3418 fecerint
575 3349 747 3440 lussoperibus
767 3349 884 3416 bostium
897 3373 1069 3494 expugupip·

707 3483 712 3492 ·
1057 3473 1070 3498 5
