2290 3762
6 1 426 71 ,η’

141 131 209 202 ¹50
313 107 867 200 C.Jur.rrCAEsanrs

176 235 252 308 LXI.
273 239 388 300 Probata
402 259 441 308 re,
461 254 544 318 atque
557 242 683 299 omnibus
698 240 874 316 jurejurando
887 237 1006 303 adasiisr

138 317 244 393 pollero
263 316 317 386 di'e,
345 319 373 374 in
394 330 446 375 tres
472 332 562 394 partes
583 316 720 378 distributo
740 319 872 396 equitatu,
898 315 959 372 duae
976 315 1007 372 'se

125 393 209 450 acies
235 390 252 449 ai
277 393 382 452 duobus
402 394 527 452 lateribus
547 395 706 459 ostendunt;
732 415 786 453 una
805 391 822 450 a
841 393 932 468 primo
959 411 1008 468 ag·

139 470 214 526 mine
239 469 290 527 iter
315 470 448 546 impedire
474 472 568 548 coepit.
607 473 670 547 Qua
696 491 726 529 re
750 469 886 535 nunciati,
917 470 1007 525 Caesar

138 544 216 602 suum
243 563 355 624 qaoque
382 550 532 606 euitatum
559 546 693 624 tripartiti>
712 548 826 606 divisum
849 547 892 604 ire
910 560 1008 604 contra

138 620 243 678 bostem
272 620 357 696 jubet.
374 663 378 682 ι
398 568 539 700 iugnatur
569 623 623 682 und
657 625 782 706 omnibus
813 624 842 682 in
874 621 1006 698 partibus.

140 697 265 762 Consistit
290 718 400 776 agmen.
440 700 643 778 impedimenta
668 703 738 759 inter
763 701 883 778 legiones
909 699 1008 773 rccipi-

19 799 27 808 ·
141 787 235 832 untur.
274 773 303 834 si
329 776 384 852 quai
406 777 435 833 in
461 791 538 853 parte
565 778 645 838 noslri
670 777 802 844 laborare,
830 791 875 835 aut
897 773 1008 851 gravibs

141 851 229 928 premi
255 851 431 918 videbanturr
462 851 496 910 eb
521 854 596 930 figna
621 853 714 913 inferri
740 853 838 923 Caesar,
863 850 1008 928 aciemque

141 927 264 986 converti
288 927 412 1002 jubebat:
439 949 501 1008 quae
521 947 563 986 res
590 935 615 986 dr
641 931 726 988 hostes
751 931 785 990 ad
812 929 1008 988 inserendum

142 1003 274 1071 tardabat,
302 1004 448 1064 &nostroe
467 1005 513 1082 spe
536 1005 629 1064 auxilii
652 1007 838 1066 confirmabat.
907 1005 1008 1062 andem
1081 1045 1086 1052 -

143 1079 277 1138 Germani
296 1079 331 1140 ab
350 1081 447 1140 dextro
465 1082 559 1149 latere,
580 1081 714 1142 summum
729 1084 826 1162 jugum
845 1082 926 1150 naui,
947 1079 1010 1138 hos·

144 1172 184 1214 tes
208 1157 269 1215 loco
290 1155 449 1234 depellunt:
482 1158 625 1236 fugientes,
652 1161 735 1238 usqne
761 1162 796 1219 ad
823 1161 932 1227 fiumen,
960 1157 1009 1215 ubi

142 1234 353 1310 Vercingetorix
377 1253 440 1293 curn
460 1236 629 1330 pedestribus
654 1239 738 1314 copiis
757 1237 921 1303 consederat,
946 1253 1010 1312 per·

144 1311 307 1389 sequunturt
328 1311 535 1388 compluresque
547 1313 720 1373 interficiunt.
758 1314 821 1388 Quai
839 1332 868 1369 re
888 1310 1012 1369 animad-
1129 1335 1134 1344 ·

133 1387 239 1452 -versm
274 1387 380 1464 reliqui,
415 1408 451 1446 ne
476 1392 736 1448 circumvenirentur
762 1390 853 1458 veriti,
885 1388 911 1446 se
937 1387 1013 1464 fugae

146 1466 286 1524 mandant.
324 1464 459 1523 Omnibus
484 1465 550 1524 locis
577 1467 608 1524 sit
633 1468 728 1526 caedes.
767 1467 839 1526 Tres
859 1464 1012 1526 nobiliffimi

148 1541 235 1599 AEdui
247 1541 330 1616 capti,
350 1541 385 1598 'ad
399 1541 530 1600 Caesarem
549 1544 750 1618 perducunturt
770 1543 854 1602 Cotus
868 1541 1011 1618 praefeslus

148 1619 278 1694 equitum,
294 1619 341 1694 qui
354 1619 562 1676 controversiam
577 1637 641 1676 cum
653 1619 870 1676 Conviaolitane
884 1618 1013 1696 proximis

147 1695 262 1752 comitiis
282 1695 428 1756 habuerata
455 1700 480 1751 de
499 1695 658 1761 Cauarillus,
678 1693 735 1770 qui,
755 1697 813 1770 post
831 1696 1013 1752 desectionem
1135 1721 1137 1744 ι

148 1771 275 1838 biturici,
302 1770 464 1848 pedestribus
490 1772 574 1847 copiis
600 1768 758 1846 praefucrat;
784 1775 809 1827 sc
835 1769 1014 1846 Eporedorix,

149 1867 206 1924 quo
219 1847 300 1915 duce,
326 1863 389 1906 ante
402 1849 549 1908 adventurn
563 1845 683 1916 Caesaris,
703 1845 790 1906 AEdui
803 1867 867 1906 cum
883 1845 1015 1925 Sequania

148 1924 221 1986 bello
234 1925 439 1986 contenderant.
902 1969 904 1972 v

189 2001 280 2059 LXII.
307 2003 413 2079 Fugato
431 2004 507 2063 omni
526 2003 647 2082 equitatu
661 2023 670 2066 ι
685 2001 905 2078 Νειιὶιιςειοιῐιι
922 1999 1013 2076 copiae

150 2079 223 2214 sqlash
245 2092 275 2138 ut
298 2099 349 2157 pro
371 2081 458 2142 castris
477 2081 666 2150 collocaverat,
692 2080 815 2142 reduxita
844 2077 1015 2156 protinusque
1135 2077 1136 2080 ’

147 2199 148 2209 ι
190 2175 278 2225 eam,

304 2157 378 2290 quod
397 2159 433 2215 est
452 2160 584 2236 oppidum
605 2157 830 2222 Mandubiorum,
858 2156 907 2212 iter
927 2154 1017 2211 facere

152 2235 250 2311 coepit;
281 2232 461 2323 cecrire‘rque
486 2237 681 2312 impedimenta
708 2253 741 2290 ex
766 2232 853 2322 castris
877 2231 966 2318 educi,
991 2232 1017 2285 sc

152 2312 179 2368 se
204 2311 326 2388 subsequi
346 2311 427 2384 Juslrt.
465 2314 561 2379 Caesar,
589 2310 835 2387 impedimentum
859 2325 1017 2382 proximum

154 2388 252 2445 collem
269 2387 399 2452 deductis,
424 2385 579 2463 duabusque
597 2388 747 2462 legionibus
767 2383 889 2462 praesrdio
908 2381 1033 2449 solistim·
1137 2413 1138 2418 κ

137 2464 285 2538 sequutus,
306 2474 437 2536 quantum
457 2461 512 2518 diei
533 2477 638 2538 tempus
658 2462 693 2518 cll
713 2463 832 2540 passumr
852 2459 956 2517 circiter
974 2475 1016 2520 Ιιιι
1039 2513 1046 2526 Ι

155 2539 272 2596 millibus
292 2537 404 2594 hollium
424 2555 458 2594 cx
476 2538 616 2596 noviffimo
632 2541 742 2614 agmine
760 2535 914 2603 intersectis,
934 2533 1021 2592 altero
1049 2568 1055 2576 =
1137 2541 1138 2550 ’

156 2615 201 2672 die
220 2615 255 2670 ad
275 2611 392 2669 Alefiam
411 2613 494 2669 castra
512 2613 585 2671 fecit.
609 2609 856 2692 'Perspcclo'urbis
875 2611 935 2680 fitu,
958 2630 1020 2688 pcr-

156 2685 308 2822 territisque
327 2685 461 2756 hostibum
487 2687 562 2765 quaid
581 2691 709 2766 equitatu,
729 2689 785 2767 quai
804 2687 926 2748 maxime
947 2701 1023 2764 parte

158 2765 257 2825 exercit
276 2783 287 2820 a
300 2762 481 2832 confidebant,
496 2779 572 2823 erant
586 2767 667 2842 pulfi:
687 2768 842 2826 adhortatus
856 2766 891 2823 ad
904 2766 1024 2825 laborem

157 2843 264 2906 milites,
286 2839 404 2900 Alesiam
417 2840 621 2900 circumvallare
633 2844 753 2902 inslituit.

196 2918 302 2978 LXIII.
324 2917 415 2996 Ipsum
435 2930 495 2976 erat
513 2921 643 2997 oppidum
663 2920 691 2976 in
710 2918 780 2977 colle
792 2917 909 2986 summo,
926 2915 1040 2982 admo,

159 2997 227 3056 dum
240 2996 314 3054 edito
326 2995 388 3055 loco
396 3018 405 3062 ;
424 3006 463 3063 ut',
484 2997 533 3056 nisr
547 2995 694 3064 obsidione,
713 3014 868 3072 expugnare
882 3013 936 3068 non
950 2994 1025 3070 posse

160 3071 313 3130 videretur:
340 3072 414 3146 cujus
432 3072 507 3132 collis
524 3074 627 3132 radices
646 3073 703 3130 duo
720 3073 824 3130 duabus
847 3091 880 3141 err
905 3071 1026 3147 partibus

161 3149 275 3206 flumina
299 3147 466 3210 sublucbant.
505 3149 580 3208 Ante
605 3150 739 3226 oppidum
772 3145 896 3225 planities
920 3149 1027 3206 circiter

158 3225 248 3284 millia
273 3225 394 3300 passuum
422 3243 464 3291 ιιι
492 3227 521 3290 in
546 3225 746 3304 longitudinem
765 3223 886 3303 patebat:
915 3224 1028 3298 reliquie

454 3339 459 3350 ,
830 3327 834 3333 ’
986 3311 1023 3355 ΒΧ
