2274 3768
136 292 144 300 .
189 191 243 268 'or
267 188 415 264 Brito
440 181 648 260 Gannico
673 183 776 258 er.
798 186 845 260 V.
899 201 951 288 '75

97 329 210 406 geretur,
229 315 353 386 u'mnibus
373 326 451 386 rebus
471 327 506 386 ad
524 325 706 384 Britannicum
725 323 824 382 bellurn
844 343 955 402 compa-

99 407 170 474 ratis,
201 407 417 464 Indutiomarum
443 404 477 462 ad
503 403 530 462 se
554 423 615 462 curn
644 420 681 460 cc
708 401 839 460 obsidibus
864 403 957 461 venire

95 481 169 556 jullrt.
208 481 259 550 His
279 481 409 548 addonis,
436 481 559 538 &iniis
586 481 641 536 filio
667 477 875 555 propinquisque
902 478 958 554 ejus

98 559 228 624 omnibus,
255 577 323 634 quos
349 559 515 632 nominatim
536 568 710 619 evocaveram
739 554 888 612 consolatus
914 560 959 614 ln-

98 634 289 708 dutiontarum,
313 632 436 692 hortaris
450 652 484 690 ue
511 634 557 701 est,
582 631 623 690 uti
648 633 676 689 in
702 631 790 690 officio
817 651 959 708 permane-

93 725 146 780 ret.
185 711 284 770 Nihilo
308 721 401 771 tamen
431 653 514 768 iccius
534 707 704 785 principibus
729 708 904 768 Trevirorum
923 713 962 772 ad

99 787 124 844 se
153 786 321 855 convocatis,
355 805 400 844 eos
427 786 560 863 sigillatim
589 784 760 862 Cingetorigi
791 787 961 844 conciliavit:

92 866 174 942 ,quod
198 864 263 924 ciam
294 865 392 922 merito
419 862 473 937 ejus
505 859 521 919 al
552 863 578 920 se
604 861 661 919 lieri
683 861 869 940 intelligebant
902 877 962 922 turn

99 943 192 1020 magni
223 941 345 1000 interesse
376 940 562 1008 arbitrabatur,
594 939 651 1013 ejus
676 939 861 996 audoritatem
893 943 964 1000 inter

101 1019 160 1078 suos
181 1017 263 1095 quam
282 1018 426 1094 plurimum
446 1017 546 1084 valere,
565 1015 639 1090 cujus
658 1030 713 1074 tarn
733 1017 878 1092 egregiitm'
890 1017 918 1074 in
937 1017 965 1075 se
1127 990 1128 1070 l

100 1096 271 1156 volontatem
297 1094 475 1172 perspexisset.
515 1093 548 1153 Id
573 1095 632 1150 tulit
657 1095 757 1151 sallum
782 1093 898 1170 graviter
919 1093 966 1152 ln·

99 1174 279 1241 dutiomarur,
299 1172 372 1230 suant
386 1173 500 1246 gratiam
518 1172 588 1228 inter
601 1170 659 1228 suos
671 1169 771 1228 minui:
791 1174 824 1236 dc,
845 1171 892 1246 qui
908 1170 992 1254 jam„-
1006 1199 1026 1248 e,

98 1251 165 1308 ante
180 1249 290 1308 inimico
303 1248 332 1304 in
349 1265 398 1306 nos
411 1249 502 1306 animo
515 1246 611 1315 suisset,
631 1247 716 1304 multo
730 1245 838 1322 gravidas
851 1248 905 1306 hbe
916 1249 966 1308 do·
1031 1281 1034 1290 v

89 1326 161 1386 -lore
181 1324 285 1383 exarsit.
1127 1361 1128 1386 ,

143 1401 199 1461 IV.
222 1400 257 1458 Iis
270 1400 348 1460 rebus
360 1400 515 1470 constitutis,
534 1399 623 1459 Caesar
637 1399 671 1458 ad
688 1411 796 1476 portum
812 1397 896 1456 stium
908 1419 971 1456 curn
1002 1399 1009 1410 “
1127 1387 1128 1472 l

99 1477 258 1556 legionibus
286 1478 417 1554 pervenit.
455 1477 500 1535 Ibi
525 1475 661 1556 cognoscit
680 1495 724 1534 xu
743 1493 834 1540 naues,
863 1495 922 1552 quae
942 1478 972 1532 in
1127 1481 1128 1506 ³

102 1555 197 1632 Belgis
215 1553 300 1614 'saslae
318 1568 404 1623 eraut,
433 1557 588 1631 tempestate
607 1553 724 1629 rejeslae,
750 1550 854 1612 eorsum
881 1569 973 1611 tenere

104 1653 163 1693 non
177 1631 304 1709 potuiile3
322 1647 404 1710 atque
417 1631 524 1702 eodem,
539 1633 611 1692 unde
623 1645 699 1690 erant
713 1627 852 1708 proselire,
863 1631 973 1690 relatae:

102 1709 231 1787 reliquas·
248 1723 355 1788 paratas
374 1709 409 1767 ad
428 1709 623 1786 navigandum,
650 1722 731 1786 atque
750 1710 872 1767 omnibus
895 1709 974 1768 rebus

98 1787 246 1862 ,insitudlas
264 1787 375 1846 invenit.
418 1785 525 1845 Eodem
544 1789 677 1865 equitatus
697 1785 777 1844 totius
791 1784 889 1844 Galliae
908 1805 975 1846 con-

105 1864 195 1936 venit,
214 1883 328 1923 numero
341 1863 457 1924 millium
472 1883 523 1923 rv:
543 1863 729 1942 principisque
741 1881 775 1920 ex
793 1864 918 1922 omnibus
936 1865 977 1922 ci·

107 1939 250 2000 vitatibus:
271 1962 304 2001 ex
317 1941 413 2019 quibus
425 1959 584 2016 pmpaucos,
603 1961 719 2018 quorum
732 1939 762 2006 inv
774 1937 893 2001 selden
915 1961 977 2019 per-

105 2017 123 2076 s
139 2031 243 2084 exerat,
263 2019 415 2094 relinquere
434 2019 463 2072 in
482 2016 591 2081 Galliae
618 2018 745 2092 reliquos,
762 2017 886 2078 obsidum
905 2022 977 2087 loco,

105 2038 202 2154 AEcum
216 2095 313 2151 ducere
327 2095 501 2156 decreveram
521 2090 606 2168 qudd,
625 2113 709 2169 quum
722 2088 778 2165 ipse
792 2096 898 2164 abesset,
919 2117 978 2156 mo-

105 2185 174 2230 tum
187 2168 285 2226 Galliae
298 2167 379 2224 vereb
427 2186 450 2222 r.
1000 2167 1004 2173 ’

153 2244 193 2303 V.
214 2246 279 2304 Erat
297 2243 351 2302 uod
370 2263 385 2302 c
451 2241 552 2302 eaeteris
570 2242 723 2302 Dumnorix
736 2245 852 2314 AEduur,
872 2249 908 2306 de
925 2269 982 2326 quo

109 2325 129 2382 ai
149 2321 229 2380 nobis
248 2334 327 2381 antea
346 2321 513 2380 didlum'esl.
552 2318 635 2379 Hunc
653 2321 742 2381 secum
763 2324 861 2386 ducere
879 2325 906 2382 in
927 2329 982 2403 pri-

109 2402 167 2461 mis
187 2399 372 2465 constituerat;
400 2394 473 2476 quod
493 2395 556 2456 euin
576 2399 703 2476 cupidum
723 2419 811 2460 rerum
839 2420 982 2472 novarum,

111 2475 246 2554 cupidum
272 2476 389 2552 imperii,
420 2477 514 2552 magni
539 2476 631 2544 animi,
659 2496 768 2554 magnae
793 2479 863 2536 inter
886 2481 983 2541 Gallos

111 2553 293 2619 austeritatis,
313 2565 486 2628 cognoverat.
525 2551 681 2612 Accedebat
700 2557 761 2624 huc,
788 2553 861 2632 qudd
876 2555 934 2632 jam
954 2563 984 2616 irt

111 2629 237 2691 concilio
264 2628 418 2686 AEduorum
444 2627 598 2687 Dumnorix
622 2631 734 2702 dixerat,
752 2631 806 2710 fibi
832 2631 852 2690 ἃ
878 2634 986 2710 Gaesare

111 2726 224 2782 regnum
250 2710 374 2765 civitatis
393 2709 489 2779 deferri
495 2729 504 2770 ;
529 2706 612 2780 Quod
631 2707 732 2768 dislum
749 2708 839 2770 AEdui
864 2715 986 2787 graviter

112 2779 248 2842 serebant
254 2803 264 2845 ;
284 2799 319 2838 ne
338 2801 372 2838 ue
384 2781 532 2850 recusandi,
552 2802 641 2859 neque
657 2784 820 2864 deprecandi
840 2791 928 2858 causi,
947 2792 986 2848 le·

139 2871 201 2916 atos
220 2857 256 2916 ad
269 2799 402 2918 Caesarem
419 2859 527 2918 mittere
544 2861 693 2921 audebant:
713 2865 742 2922 id
756 2864 865 2930 sallum,
885 2867 988 2928 exsule

112 2879 269 3010 sospitibus
286 2933 377 2992 Caesar
391 2948 566 3012 oognoverat.
606 2937 656 2996 llle
672 2937 763 3017 primi>
778 2941 905 2998 omnibus
925 2965 987 3022 pre·

114 3011 198 3073 cibus
216 3024 310 3087 petere
323 3013 471 3080 contendit,
492 3027 521 3072 ut
539 3015 567 3070 in
581 3013 675 3075 Gallia
693 3019 905 3092 relinqueretort
926 3043 988 3098 par.

116 3089 185 3154 tim,
212 3085 286 3164 qudd
310 3087 424 3150 insuetus
450 3090 604 3166 navigandi,
630 3111 706 3151 mare
730 3095 852 3158 timeretr
878 3103 988 3174 partim,

20 3207 29 3226 ,
114 3161 199 3242 quid
231 3163 407 3242 religionibus
436 3165 490 3226 sese
514 3167 615 3226 diceret
639 3159 988 3264 impedir'sfigl'olleaqoam
1127 3187 1128 3196 ¹

9 3255 10 3266 ¹
116 3241 155 3302 id
187 3239 314 3300 obstinati
342 3242 391 3302 fibi
418 3245 511 3322 negari
536 3244 623 3308 vidite
656 3249 732 3304 omni
757 3247 801 3326 spe
828 3250 989 3326 impetrandi
1046 3213 1077 3292 ι
1127 3299 1128 3304 1

118 3315 263 3394 adempti,
281 3319 416 3404 principer
429 3319 528 3459 Gall}
547 3321 699 3396 sollicitere,
717 3325 989 3457 serocatehdngulos,
1086 3347 1087 3350 ¹

549 3419 566 3459 2
855 3407 990 3479 vetarique
