2254 3758
291 165 347 216 nr
371 140 519 218 Beato
542 137 825 218 Artrc'rrno:
921 167 990 242 377

70 307 74 316 ·
128 279 157 334 ds
179 273 407 353 quemadmodum
433 273 487 333 tela
504 273 651 343 mitterent,
678 274 832 352 praecipere.
872 269 990 332 Mirifice

128 353 204 410 enim
221 351 336 410 bostium
353 352 420 408 levis
433 363 568 411 armatura
580 354 692 410 auxiutn
709 351 856 408 exercitum
875 347 994 406 nollrurn

129 439 214 504 atque
238 427 378 486 sollicitum
404 427 534 486 habebat:
566 429 631 504 quit
657 434 683 485 lt
709 429 810 504 equites
840 424 993 484 deterrebat

130 503 256 592 proelium
281 505 358 570 inire,
384 516 495 580 propter
513 523 646 581 equorum
670 507 823 568 interitumr
852 499 928 576 qudd
945 519 993 558 eos

126 579 223 654 Jaculis
260 579 456 638 interficiebat:
494 585 519 638 u
550 579 728 660 legionarium
766 580 884 638 militem
918 577 994 635 defo

129 654 242 732 rigabat,
276 671 387 732 propter
413 658 601 724 velocitatemr
634 659 729 736 gravis
750 657 823 714 enim
849 669 992 712 moraturae

128 733 206 790 miles
225 731 302 790 strnul
321 747 404 808 atque
425 734 461 792 ab
482 735 523 792 his
541 734 680 794 infestatus
697 735 860 797 constiterat,
889 731 917 788 in
936 731 995 788 eo's

48 867 60 874 .
125 827 185 886 que
201 807 334 883 impeturn
353 809 465 878 fecerat,
484 809 523 868 illi
542 811 630 870 veloci
648 813 725 870 cursu
744 810 823 868 facile
843 807 992 892 periculum

130 884 262 942 vitabant.
300 886 403 956 Quibus
422 907 455 944 ex
473 887 552 944 rebus
572 887 663 946 Caesar
681 888 855 946 vehementer
873 901 994 948 commo»

130 961 259 1040 rebatur:¹
279 963 352 1036 quia,
372 965 564 1039 quodcumque
576 965 701 1042 proelium
717 965 822 1042 quoties
841 973 899 1018 erat
916 977 993 1018 com-

129 1036 246 1103 missum,
272 1038 393 1112 equitatu
419 1039 473 1109 suo,
500 1039 556 1099 strue
581 1043 732 1119 legionario
757 1039 853 1106 milite,
878 1036 993 1094 bulliunt

130 1112 271 1186 equitatui,
298 1113 408 1190 leuique
433 1130 574 1192 armaturas
601 1137 707 1186 eorum,
732 1117 808 1175 nullo
834 1115 918 1172 modo
943 1129 994 1188 par

84 1197 91 1208 “
130 1189 183 1245 esl'e
213 1202 332 1264 poterat.
372 1193 571 1252 sollicitabatur
600 1207 692 1253 autem
723 1195 765 1252 his
784 1192 886 1255 rebuss
919 1186 994 1266 qudd

129 1263 253 1322 nondum
291 1266 406 1326 hostium
444 1270 563 1346 legiones
600 1284 777 1346 cognoverat,
816 1275 842 1325 lc
873 1285 993 1346 quonam

127 1341 215 1400 modo
241 1340 363 1401 sustinere
387 1342 416 1403 se
441 1347 526 1422 posset
549 1345 585 1404 ab
608 1361 702 1406 cerum
723 1348 854 1424 equitatu,
880 1341 995 1418 leuique

129 1417 277 1486 armatus,
298 1439 358 1495 quae
378 1435 436 1480 erat
454 1422 576 1489 mirifica,
597 1423 617 1481 fi
636 1425 756 1500 legiones
797 1439 886 1497 uoque
905 1417 997 1476 acces·

126 1492 225 1553 fiuent.
264 1495 421 1556 Accedebat
443 1501 527 1556 etiam
550 1498 609 1558 haec
628 1499 714 1564 causa,
742 1498 818 1576 quod
837 1496 995 1571 elephantoq

128 1587 193 1628 rum
217 1573 377 1648 magnitudo
400 1574 599 1652 multitudoque
625 1575 742 1634 militum
767 1575 871 1632 animos
889 1571 995 1630 detine·
1035 1597 1040 1606 ·

128 1642 177 1704 bat
196 1647 224 1720 in
238 1662 353 1707 terrore:
372 1653 415 1713 cui
432 1653 480 1726 uni
497 1653 542 1711 rei
557 1665 647 1710 umen
666 1651 808 1712 invenerat
825 1647 994 1715 remediumr

128 1726 479 1864 lsllt‘lttls‘sttl
498 1728 771 1866 “dissidiis
786 1727 910 1862 lii?
936 1724 995 1859 ii?

128 1872 222 1944 sceret,
242 1879 322 1935 &cui
342 1823 551 1957 pardecornddris
564 1880 619 1956 ejus
639 1884 722 1940 telum
742 1879 821 1940 facild
841 1820 994 1958 adigtpgpos·

126 1948 184 2015 sets
216 1952 378 2028 ornatisque
402 1976 437 2013 ac
463 1958 588 2014 loricatus
615 1959 772 2037 elephantus
803 1977 888 2036 quum
920 1955 993 2023 esset,

128 2043 194 2101 quae.
216 2027 353 2118 parsxejus
371 2032 491 2106 corporis
518 2033 591 2088 nuda
611 2033 666 2092 smd
688 2036 808 2108 tegmine
827 2035 993 2110 relinquere-

130 2112 183 2168 tur,
210 2113 239 2158 ut
265 2121 299 2159 eo
325 2104 378 2160 tela
404 2105 617 2178 conjicerentur:
650 2123 795 2191 praterea⁴
816 2123 847 2167 ut
869 2109 993 2181 jumenta
1111 2139 1117 2148 ·

127 2176 272 2236 bestiarum
303 2179 426 2248 odorem,
459 2181 607 2248 stridorem,
639 2183 765 2258 speciem,
802 2182 993 2243 consuetudine

127 2269 206 2330 capta
225 2273 281 2314 nou
299 2255 522 2314 reformidarent:
542 2257 640 2334 quibus
658 2277 694 2317 ex
710 2259 788 2316 rebus
807 2259 918 2335 largiter
936 2273 994 2318 erat
1116 2255 1117 2268 *

126 2329 296 2390 consecutus:
324 2353 389 2391 narn
408 2339 433 2390 cr
452 2332 550 2390 milites
576 2334 669 2392 bestias
695 2335 819 2394 matribus
845 2338 993 2410 peruasta-

128 2406 206 2476 bant,
240 2409 387 2487 eart'tmque
413 2411 567 2468 tarditatem
592 2409 806 2488 cognoscebatur
838 2410 994 2487 equitesque
1115 2447 1116 2454 κ

126 2483 156 2543 in
182 2485 228 2544 eds
247 2487 303 2561 pila
321 2487 463 2564 praepilata
481 2485 679 2560 conjiciebant;
703 2501 787 2562 atque
805 2487 833 2546 iu
853 2486 993 2547 consuetu.

127 2560 222 2620 dinem
247 2581 330 2638 equos
356 2566 485 2638 patientia
512 2564 653 2622 bestiarum
679 2564 836 2622 adduxerat.
874 2563 921 2621 Ob
944 2565 993 2622 har
1061 2626 1070 2647 .
1114 2595 1115 2622 r

126 2635 226 2704 causan
248 2658 313 2714 quas
333 2638 411 2716 supra
430 2642 655 2708 commemoravi,
680 2639 868 2699 sollicitabatur
886 2638 992 2706 Cabrr

127 2711 284 2789 tardidrque
310 2721 335 2772 tr
360 2718 552 2776 consideratior
570 2731 630 2775 erat
650 2717 752 2781 fastum
779 2721 805 2774 dr
824 2735 859 2774 ex
884 2715 1006 2790 pristinas
1112 2705 1114 2752 l

127 2787 247 2848 bellandi
265 2790 457 2852 consuetudine
469 2793 661 2870 celeritate'que
674 2793 823 2852 excesserat.
863 2790 926 2848 Nec
940 2793 992 2850 mi·

127 2884 205 2924 nuru:
230 2867 415 2943 copiasenim
434 2871 550 2928 habebat
567 2871 597 2928 in
615 2867 709 2926 Gallis
733 2868 834 2927 bellare
855 2865 994 2927 consuetae
1111 2879 1113 2906 ⁴

126 2939 194 3000 locis
219 2944 418 3020 campestribus,
444 2951 469 3006 u
493 2959 588 3006 contra
612 2943 709 3004 Gallos
734 2944 858 3004 homines
884 2955 994 3020 apertos

128 3017 296 3098 minime'que
315 3021 466 3092 infidiososs
493 3022 541 3099 qui
561 3041 610 3098 per
629 3023 766 3089 virtutem,
792 3041 856 3086 non.¹
873 3040 923 3096 per
942 3020 994 3080 do·

127 3088 195 3162 lum,
222 3096 354 3157 dimicare
372 3098 580 3162 consueverunt:
607 3110 775 3160 tumentem
795 3111 853 3160 erat
870 3097 897 3155 ei
914 3097 992 3156 labo·
1093 3118 1098 3126 ·

129 3170 253 3242 randum,
281 3188 310 3233 ut
330 3175 529 3248 consuefaceret
546 3175 656 3243 milites,
684 3175 798 3234 bostium
817 3173 907 3243 dolos,
932 3175 994 3235 insi.-

78 3261 80 3264 ·
129 3245 196 3320 dias,
222 3251 334 3336 utilitia
359 3251 540 3344 cognosceres
564 3251 675 3330 &quid
701 3251 791 3336 sequi,
811 3251 880 3338 nuid
907 3251 992 3390 vibat?
