2244 3766
170 177 215 275 36
289 143 930 269 'c.'Ju··1.11-'cnsssr.s‘

169 291 290 386 legiones
319 328 450 386 magnum
469 307 583 388 spatium
603 309 731 379 abessent,
759 308 830 367 lanc
856 305 905 365 sub
932 305 1042 367 sarcinis

171 385 288 444 aderiti:
315 385 369 462 qua
390 386 473 463 pulsi,
493 383 747 464 impedimentisque
771 385 890 461 direptis,
918 383 1039 444 suturam

173 461 324 538 utreliquae
348 461 443 522 contra
467 463 605 522 consistere
628 482 685 521 uon
705 464 843 520 auderent
882 460 1040 535 Adiuvabat

171 539 253 596 etiarn
286 557 381 598 eorum
415 540 565 610 confilium,
595 541 642 618 qui
676 557 735 597 rern
761 536 937 602 deserebant;
966 535 1042 614 qubd
1119 612 1120 615 Ἴ

170 613 269 672 Νεινίῐ
292 618 445 692 antiquitus,
464 636 548 692 quum
571 617 692 692 equitatu
713 614 782 672 nibil
805 614 916 692 possent,
938 615 1038 692 (neque

170 692 245 749 enirn
267 693 302 749 ad
324 694 376 750 hoc
403 706 505 768 ternpus
527 694 552 751 ei
565 695 604 750 rei
615 692 727 758 student,
747 691 801 755 sed,
822 690 954 768 quidquid
977 691 1038 767 pos·
1118 711 1119 714 ¹

169 767 240 834 sunt,
256 769 421 844 pedestribus
435 771 526 826 valent
546 769 638 846 copiis)
660 765 718 844 qud
742 765 847 826 sacilibs
859 765 1038 828 finitimorum

168 845 326 922 equitatum,
347 847 366 903 sr
388 844 526 926 predandi
546 844 627 902 causis
653 845 689 902 ad
710 863 756 902 eos
770 843 887 911 venisset,
918 844 1038 934 impedi·

155 937 247 986 senta
271 923 368 980 teneris
390 923 527 982 arboribus
547 921 632 979 incisis
656 934 736 998 atque
749 919 861 986 inflexis,
882 919 1038 998 crebrisque

165 997 201 1054 in
216 998 389 1072 latitudinem·
409 1000 489 1058 ramis
512 1000 604 1066 enatis,
624 1001 649 1052 δι
669 997 742 1053 rubis
764 995 929 1074 sentibusque
953 999 1037 1056 inter·

159 1073 251 1149 jubis,
273 1077 425 1143 effecerant,
445 1091 483 1144 ut,
506 1075 584 1131 inllai
604 1074 684 1140 muri,
704 1073 747 1130 hae
770 1070 842 1148 sepes
866 1074 1035 1132 munimenta

166 1151 334 1227 praeberent:
355 1152 410 1233 quo
421 1171 476 1210 non
484 1149 567 1210 modo
581 1148 736 1216 intrari,sed
748 1167 783 1205 ne
799 1147 910 1226 perspici
923 1151 1035 1228 quidem

170 1228 263 1304 posset.
303 1228 340 1286 Iis
354 1229 431 1286 rebus
465 1247 528 1286 uum
550 1229 601 1284 iter
615 1225 729 1304 agminis
748 1225 828 1282 nostri
848 1226 1034 1302 impediretur,

166 1323 225 1362 non
240 1299 419 1364 oniittendum
432 1249 479 1362 sibi
493 1303 630 1364 consilium
645 1301 741 1360 Nervii
755 1301 977 1362 existimaverunt.

205 1381 319 1440 XVIII.
339 1380 408 1440 Loci
422 1395 518 1440 natura
535 1394 592 1438 erat
604 1381 672 1449 haec,
686 1397 774 1456 ‘quem
788 1379 871 1444 nollri
884 1381 972 1438 castris
985 1380 1035 1440 de·

166 1458 298 1536 legerant.
338 1457 421 1516 Collis
443 1459 478 1516 ab
500 1456 603 1515 summo
624 1453 902 1533 aqualiter-declivis,
922 1457 958 1515 ad
984 1457 1035 1517 flu-

165 1555 231 1594 men
253 1533 345 1601 Sabin,
363 1533 436 1618 quod
455 1532 535 1610 supra
547 1533 755 1600 nominavimus,
772 1530 915 1608 vergebat:
937 1532 973 1592 ab
1000 1553 1036 1594 eo

166 1611 288 1676 flumine,
307 1609 365 1685 pari
384 1609 544 1678 acclivitate,
564 1607 639 1666 collis
651 1607 806 1666 nascebatur
825 1608 948 1667 adversus
971 1611 1034 1670 huic

167 1693 192 1746 la
214 1686 371 1756 contrarius,
390 1685 475 1762 pallius
500 1686 657 1756 circiterqcc
668 1707 680 1748 ς·
707 1683 814 1742 infirnus
839 1699 965 1762 apertus3
997 1689 1034 1747 ab

166 1764 303 1840 superiore
322 1773 409 1838 parte,
424 1761 555 1837 sylvestris
566 1784 575 1826 ς
594 1774 626 1819 ut
650 1777 708 1818 non
728 1760 808 1819 facile
833 1762 958 1819 introrsus
971 1781 1035 1841 per·
1119 1792 1120 1807 ι

165 1841 230 1918 spici
261 1838 353 1914 pollet.
387 1837 469 1896 'Intra
494 1857 538 1896 eas
562 1837 657 1914 sylvas,
676 1837 761 1894 hostes
787 1839 815 1895 in
847 1839 952 1899 occuito
980 1839 1034 1898 sese
1116 1836 1120 1895 ἰ

166 1915 358 1974 continebant:
378 1915 407 1972 in
429 1928 523 1992 aperto
541 1914 612 1985 loco,
631 1912 777 1972 secundino
802 1913 911 1984 flumen,
938 1934 1033 1994 paucae
1119 1942 1120 1945 ¹

166 1995 288 2052 stationes
314 1992 434 2070 equiturn
456 1989 625 2050 videbantur.
665 1991 794 2050 Fluminis
821 2003 881 2049 erat
906 1993 1036 2064 altitudo,

164 2071 269 2130 circiter
282 2069 382 2148 pedum
398 2089 451 2129 ιιι.
948 2068 951 2076 ’
1013 2097 1037 2132 μ

203 2145 282 2206 XIX.
305 2147 401 2216 Caesar,
420 2149 540 2226 equitatu
553 2144 694 2226 plenius,
713 2143 918 2223 subsequebatur
942 2149 1034 2210 ornni·

163 2227 211 2286 but
225 2226 320 2303 copi'u.
360 2225 414 2284 Sed
435 2225 504 2286 ra'tIo
522 2227 645 2302 orddque
664 2224 778 2298 agminis
803 2222 881 2280 aliter
898 2223 925 2280 se
948 2223 1033 2285 habe·

110 2345 115 2354 .
162 2305 221 2373 bat,
239 2323 272 2361 ac
286 2301 376 2380 Relgae
391 2301 427 2360 ad
438 2303 556 2360 Nervios
569 2301 727 2357 detulerant.
767 2295 853 2362 Nam,
880 2295 956 2374 qubd
980 2303 1033 2362 ho.

160 2379 202 2436 uls
224 2377 467 2454 appropinquabat,
498 2373 688 2434 consuetudine
701 2369 745 2426 sul
759 2367 847 2427 Caesar
861 2391 895 2430 vr
910 2375 1038 2454 Ichones

162 2456 307 2532 expeditas
325 2453 412 2508 doceb
449 2473 458 2514 ς
488 2450 545 2526 post
570 2467 625 2516 eas,
659 2444 738 2506 totius
761 2448 891 2506 exercitius
913 2452 1033 2531 impedi.

72 2591 74 2596 ,
159 2549 253 2600 menta
263 2527 429 2588 collocabatur
466 2527 515 2598 [dd
527 2523 585 2580 duae
607 2521 737 2602 legiones,
755 2543 815 2602 quae
827 2527 949 2602 proxime
965 2549 1034 2591 con.

158 2608 261 2694 scriprae
275 2615 360 2674 erant,
382 2611 468 2658 toturn
481 2619 581 2678 agmen
594 2599 762 2668 claudebant,
782 2603 959 2694 praefididque
978 2610 1033 2672 inr-

152 2678 320 2758 'pedimentis
345 2689 438 2733 crana·
470 2675 581 2754 Equites
609 2678 772 2736 oblinitum
793 2676 971 2741 funditoribus
990 2685 1031 2744 sa·

156 2753 324 2834 picturisque
353 2752 453 2812 lunen
487 2752 643 2832 transgredi,
676 2773 739 2812 cum
765 2754 879 2816 bostium
892 2773 895 2780 ’
909 2762 1033 2836 equitatu

155 2835 282 2912 proelium
302 2829 485 2892 committunt.
524 2833 617 2906 Quum
639 2829 666 2888 se
691 2831 729 2890 illi
752 2831 956 2893 identIdemiu
977 2837 1032 2916 syl·

150 2915 202 2972 'uas
216 2910 262 2986 ,ad
282 2907 341 2966 suos
353 2907 513 2984 reprcrent,
533 2927 565 2966 ac
578 2905 662 2964 rursus
676 2904 691 2966 ὲ
706 2906 780 2982 sylvis
802 2907 833 2965 in·
853 2911 954 2970 nostros
976 2915 1030 2974 im.

152 2999 248 3066 petum
262 2985 381 3044 lacerent
388 3007 400 3051 ς
427 3001 516 3062 neque
534 2983 616 3042 nostri
639 2983 758 3064 longua,
778 2983 862 3063 quarn
902 2999 965 3049 uem
984 2993 1028 3052 'ad

150 3064 234 3121 linem
250 3065 373 3140 portella
396 3081 428 3121 ac
451 3061 511 3120 loca
530 3073 624 3140 aperta
646 3061 863 3138 pertinebant,c
899 3080 973 3125 entes
986 3071 1031 3128 in·

150 3139 225 3218 sequi
250 3137 398 3202 undescota
420 3139 529 3198 interim
557 3137 677 3216 legiones
694 3135 758 3208 seri,
779 3153 839 3214 quae
861 3143 959 3218 prima
980 3165 1030 3204 re.

151 3229 255 3286 ueram,
276 3231 359 3290 opere
383 3213 517 3288 dimenso,
535 3215 620 3274 castra
645 3215 753 3272 munire
774 3228 927 3296 coeperunt.
965 3221 1032 3285 Ubi

148 3293 240 3368 pslma
260 3289 456 3370 impedimenta
477 3291 559 3356 nostri
573 3290 761 3354 exercllllaw
782 3291 825 3365 lis,
843 3293 889 3372 qui
903 3293 1035 3438 brafflrib
1119 3308 1120 3323 ¹
