2272 3776
173 91 174 94 Ἴ
238 112 824 195 nrssrnnocrvanrm'lll.
909 125 976 196 261

117 249 269 327 Coponius,
288 251 334 326 qui
347 248 513 326 Dyrrhachii
537 247 606 306 clasii
626 247 741 306 Rhodiae
763 259 985 326 praeratum·

122 347 159 384 ex
183 340 263 403 portu
283 323 388 390 educit;
416 331 450 393 &,
470 343 555 401 quum
573 323 631 398 jam
654 325 735 382 nostri
757 323 900 384 remiffiore
920 344 987 383 ven·

123 418 153 462 to
175 403 438 481 appropinquassent,
469 403 543 459 idem
568 401 662 458 Auller
682 401 821 472 increbuit,
841 400 989 480 nostrisque

123 481 244 556 praesrdio
257 482 315 538 fuit.
355 481 457 556 Neque
468 476 534 536 verb
556 477 602 536 ille
620 478 742 536 obeam
765 477 870 538 causam
888 492 988 538 conatu

119 556 281 620 ‘deristebata
316 555 362 614 sed
393 556 485 614 labore
509 560 534 612 ia
563 554 759 631 perseverantii
781 570 934 625 nautarum,
961 557 987 616 se
1030 556 1034 565 “

125 633 182 692 vim
204 634 366 710 tempestatis
387 632 512 708 luperare
534 631 607 708 posse
628 631 766 712 sperabatr
791 633 989 710 praetervectos-

124 719 179 788 que
201 711 402 786 Dyrrhachium
426 707 527 786 magni
540 709 567 782 ui
581 711 665 776 venti,
686 706 771 767 nihilo
792 709 873 768 secius
894 708 990 786 seque·

124 788 213 845 batur.
251 787 351 854 Nostri,
380 785 417 844 usa
444 785 559 843 fortuna
578 785 718 851 beneficio,
749 780 840 844 tamen
859 787 991 862 impetum

125 865 208 930 claliis
230 863 372 928 timebant,
399 860 510 922 fifortb
528 859 622 920 ventus
642 862 785 920 remisrllet.
824 863 907 920 Nacti
926 883 991 938 por-

128 954 197 1007 tum,
216 938 437 1018 quijappcllatur
450 939 658 1016 Nympbaeum,
688 939 758 997 ultra
777 938 879 996 Lillum
907 941 991 998 millia

126 1019 249 1096 passuum
277 1035 347 1084 1¹13
377 1013 410 1072 eb
428 1035 510 1074 naves
528 1017 748 1075 introduxerunt:
767 1017 825 1092 (qui
842 1027 933 1091 portus
957 1018 992 1080 ab

111 1093 233 1162 Africo,
263 1093 413 1168 tegebaturj
435 1093 470 1152 ab
484 1093 578 1152 Austro
599 1113 654 1152 non
677 1106 735 1152 erat
754 1091 835 1162 tutus)
856 1092 994 1172 levitisque
1029 1130 1035 1141 s
1132 1113 1133 1120 ¹

26 1217 34 1224 .
128 1171 297 1246 tempestatis,
317 1169 505 1245 quimclaffrs,
525 1171 675 1246 periculum
688 1169 889 1230 aestimaverunt.
928 1169 994 1248 Qrb

128 1247 207 1304 fimul
229 1260 310 1322 atque
330 1250 398 1302 intus
409 1248 461 1310 „est
477 1248 561 1314 ituma
580 1243 732 1304 incredibili
745 1246 872 1307 felicitate
886 1248 991 1318 Auller,

128 1324 177 1399 qui
191 1343 240 1399 per.
247 1321 359 1379 biduum
371 1323 491 1390 flaverat,
511 1325 540 1383 in
553 1323 678 1384 Africum
691 1321 717 1379 le
726 1325 815 1381 vertit.
854 1321 912 1380 Hic
921 1323 993 1382 lubi·

130 1413 187 1456 tam
209 1400 448 1462 commutationem
469 1399 583 1456 fortunae
603 1399 696 1458 videre
717 1397 808 1459 licuit:
836 1401 884 1476 qui
908 1399 992 1458 modb

130 1475 179 1534 fibi
207 1479 359 1544 timuerant,
386 1477 435 1534 hoa
464 1477 602 1538 tutiffimus
634 1489 725 1552 portus
751 1475 896 1552 recipiebat
907 1498 916 1540 3
944 1477 992 1554 qui
1046 1510 1050 1522 s
1132 1507 1133 1514 κ

130 1553 224 1612 uostris
243 1553 355 1616 navibus
374 1553 523 1630 periculum
542 1553 698 1630 intulerant,
717 1551 817 1612 deluo
839 1551 934 1610 timere
946 1573 994 1612 co·

130 1631 273 1708 gebantur.
314 1631 420 1706 Itaque,
454 1643 576 1706 ternpore
598 1642 775 1699 commutato,
808 1629 946 1713 tempestas
969 1637 995 1689 δε

61 1728 63 1735 ’
131 1710 231 1768 nostros
245 1707 320 1777 texit,
341 1712 460 1768 &naves
473 1708 594 1768 Rhodias
613 1708 723 1772 afflixitr
743 1698 783 1784 ila
803 1719 834 1766 ut
855 1709 891 1772 ad
911 1725 994 1767 unam

128 1788 266 1844 constratae
288 1805 389 1854 omnes,
418 1804 532 1845 numero
556 1804 625 1856 xva,
656 1785 865 1844 eliderentur&
889 1783 996 1844 naufra-
1057 1815 1071 1832 κ

133 1864 179 1937 gio
192 1865 330 1932 interirent
340 1887 350 1928 ς
370 1868 449 1925 &ex
472 1882 574 1941 magno
594 1861 729 1941 remigum
749 1862 997 1940 propugnatorum·

133 1957 186 2012 que
200 1957 324 2004 numero,
342 1958 402 2012 pars
423 1939 458 1994 ad
479 1939 601 2014 scopulos
621 1937 694 1998 allisa
716 1935 917 2009 loterficeretur,
935 1957 996 2018 pate

135 2012 152 2068 ai
174 2015 266 2070 nostris
286 2011 490 2084 diſtraheretur:
510 2033 579 2090 quoa
602 2027 696 2075 omnes
718 2015 888 2076 conservatos
907 2016 997 2076 Caesar

133 2089 246 2147 domum
255 2086 365 2146 remisit.
446 2139 451 2146 .

172 2163 267 2222 XXV.
289 2159 396 2222 Nolirae
409 2152 490 2218 naves
508 2179 550 2228 rr,
565 2139 665 2220 tardihu
676 2133 937 2234 oursuconleilotin
949 2187 999 2228 no·

3 2307 5 2322 .
47 2253 49 2257 “
136 2243 206 2300 ilem
220 2239 363 2318 conjeciaei
384 2257 467 2315 quum
486 2236 651 2326 ignorarent,
671 2257 752 2314 quem
774 2241 869 2300 locum
881 2243 934 2299 reli
956 2263 996 2305 uae

137 2319 272 2396 cepissent,
289 2329 388 2390 ,contra
401 2313 501 2372 Lusum
521 2334 550 2372 m
572 2315 695 2372 anchoris
707 2317 890 2375 constiterunt.
959 2339 996 2392 ar,

136 2397 239 2474 staphis
273 2390 473 2467 minoribusque
506 2390 621 2470 navigiis
647 2392 827 2470 compluribus
853 2394 997 2465 summiliis‚

136 2473 268 2531 Otacilius
281 2469 396 2537 erarius,
423 2469 470 2548 qui
483 2467 545 2540 Lilh
558 2482 681 2544 praerat,
699 2487 856 2547 expugnare
867 2473 997 2550 parabata
1039 2463 1050 2486 ⁸

137 2549 214 2609 famul
236 2548 270 2605 de
293 2545 430 2604 deditione
449 2564 543 2604 eorum
556 2544 663 2622 agebat,
683 2550 708 2605 &
727 2546 938 2607 incolumitatem
950 2551 999 2608 de·

137 2623 199 2680 ditis
224 2622 407 2700 pollicebatur.
446 2621 554 2680 Harum
588 2621 672 2680 altera
702 2625 779 2682 navis
802 2623 930 2682 ducentos
956 2628 997 2685 vi-

138 2701 207 2774 ginti
230 2719 263 2756 ex
282 2699 389 2774 legione
410 2699 528 2758 tironum
546 2697 696 2764 sustuleratr
722 2699 805 2759 altera
827 2720 862 2758 ex
874 2701 999 2770 'veterani

138 2773 231 2852 paullo
260 2776 350 2834 minias
364 2775 489 2834 ducentis
516 2774 543 2832 se
562 2777 755 2852 compleverat.
794 2775 853 2838 Hit
875 2780 999 2854 cognosci

138 2853 223 2918 licuit.
254 2853 385 2930 quantum
413 2853 475 2910 esset
501 2851 652 2910 bominibus
672 2853 785 2928 praesrdii
804 2854 833 2910 in
852 2855 936 2914 animi
956 2855 999 2912 fir·

138 2925 294 2996 hirudines
318 2929 434 2988 Tirones
452 2929 536 2996 euim,
555 2927 727 2988 multitudine
746 2931 856 2988 navium
875 2934 1000 3008 perterri-

139 3007 170 3073 ti,
190 3012 214 3064 δι
232 3006 291 3064 salo,
305 3006 455 3084 nauleique
474 3005 600 3073 confesti,
613 3005 789 3080 jurejurando
813 3019 935 3085 accepto,
957 3010 1000 3066 ui·

139 3083 234 3142 hiliis
264 3085 398 3142 nocituros
423 3079 523 3147 bollum
549 3081 578 3140 se
605 3083 723 3141 Otacilio
745 3082 923 3143 dediderunt:
950 3087 1000 3162 qui

141 3173 236 3220 omnes
256 3161 293 3220 ad
305 3179 369 3219 eum
388 3159 527 3236 perduiiia
546 3169 640 3217 contra
651 3159 809 3235 religionem
819 3159 999 3236 jurisjurandi,

136 3236 169 3310 ju
192 3238 246 3314 ejus
270 3237 415 3316 conspellu
436 3233 611 3313 crudelium&
631 3236 834 3302 interficiuntur.
871 3243 1001 3301 lit-vete-

931 3329 1003 3380 521¹ae
