2302 3782
267 111 322 165 un
346 55 500 162 benno
525 69 810 162 Crvr'nr'Lrn.
837 83 900 159 ΙΙΙ.
954 93 1042 188 279'.

115 226 120 230 ’
166 216 304 294 superioris
321 211 463 294 ‘temporis
495 215 677 282 consuetudoe
710 215 830 274 dedusiiis
863 211 1024 290 quibusdam

166 292 320 352 cohortibus
339 313 372 352 er
391 292 528 370 praefidiis,
548 292 646 350 eddom
665 293 756 350 venit:
774 293 831 366 qui,
851 289 961 364 cognito
975 291 1025 350 de·

165 371 302 438 trimento,
328 389 413 448 quum
430 367 656 444 animadvegtilset
673 366 842 444 Pompeium,
870 379 946 423 extra
965 387 1025 426 mu·

165 445 279 504 nitiones
298 447 440 522 egressum,
460 443 541 504 castra
559 443 707 502 secundbrn
725 462 808 510 mare,
828 455 858 498 ut
875 441 956 500 libere
976 461 1025 521 ps·
1139 499 1140 504 ,

164 519 251 580 bulsri
270 523 363 599 pollet,
383 539 433 579 nec
451 519 540 580 minhs
558 522 662 578 editum
681 521 793 578 navibus
811 519 927 582 haberes
948 538 1026 580 corn·

163 599 268 656 mutati
281 601 385 657 ratione
397 597 471 667 belli,
490 599 618 676 quoniam
631 596 798 676 propositum
817 613 873 653 uon
892 607 1024 669 tenuerat,

158 673 238 750 juxta
251 675 411 750 Pompeium
423 677 530 732 munire
541 671 620 750 juffit.

203 749 282 810 LVI.
310 749 373 821 Qus
392 751 512 827 persedit
529 749 691 821 munitione,
717 749 933 812 animadversum
952 749 1025 810 estrl
1139 797 1140 802 1

163 825 369 904 speculatoribus
394 825 512 895 Caesaris,
536 828 659 886 cohortes
685 827 821 905 quafflam,
846 829 921 906 quod
945 827 1026 886 instar

164 901 279 979 legionis
298 901 444 973 uideretur,
463 904 514 962 elle
533 905 591 980 post
610 903 721 980 sylvam,
741 907 766 962 δι
785 905 813 960 in
832 918 924 964 vetera
942 904 1025 964 callrs
1139 925 1140 928 ¹

164 978 234 1038 duci.
273 978 424 1038 Castrorum
451 981 495 1039 hic
520 980 580 1038 situs
606 994 673 1039 erat.
710 979 894 1056 Superioribus
918 979 1022 1050 diebus,

95 1119 103 1130 ¹
163 1075 250 1132 quum
269 1054 351 1112 serx
371 1057 444 1134 legio
458 1055 575 1116 Caesaris*
588 1055 721 1131 objecill'et
741 1058 911 1134 Pompeianis
929 1059 1024 1132 copiis,
1139 1075 1140 1110 3

163 1146 246 1208 atque
264 1151 355 1210 opere,
375 1148 406 1190 ut
423 1133 670 1201 demonstravimus,
689 1133 923 1199 circummuniretr
943 1134 1026 1194 castra
1139 1145 1140 1204 ξ

164 1226 199 1265 eo
224 1209 285 1266 loco
311 1207 408 1285 posuit.
448 1211 518 1268 Haec
535 1207 637 1284 sylvam
657 1208 794 1285 quandam
813 1211 1024 1341 continfiebnnts
1139 1257 1140 1264 ,

163 1303 253 1360 neque
272 1283 379 1360 longibs
398 1283 415 1341 ὲ
434 1286 503 1342 mari
522 1285 632 1359 pasbbus
652 1303 690 1341 co
709 1285 829 1342 aberant.
868 1285 907 1344 Pd
929 1330 937 1354 ,
965 1305 1025 1345 mu·

163 1373 222 1419 tato
247 1361 357 1418 consilio
383 1361 541 1437 quibusdam
559 1361 595 1418 de
609 1360 705 1424 caulis,
732 1359 820 1419 Caesar
839 1361 931 1438 paulld
955 1362 1025 1422 ultre
1139 1365 1140 1398 ³

77 1457 93 1478 ἰ
164 1455 228 1494 eum
244 1437 343 1496 ‘locum
366 1437 448 1496 castra
467 1436 611 1496 transtulit:
638 1433 782 1514 paucisque
800 1437 948 1497 intermissis
968 1430 1026 1498 die·

146 1512 223 1584 bus,
248 1514 306 1572 haee
325 1513 420 1572 eadem
439 1514 583 1590 Pompeius
608 1525 802 1590 occupaveratr
829 1518 863 1584 dr,
889 1513 964 1605 quiid
991 1535 1026 1575 eo

114 1645 117 1650 .
162 1588 225 1650 loco
256 1591 344 1670 plures
370 1603 429 1649 erat
458 1589 578 1667 legiones
602 1589 750 1659 habiturus,
782 1589 876 1652 relielo
901 1594 1028 1652 interiore

155 1669 244 1736 uallo,
264 1669 393 1728 ma'orem
405 1667 540 1742 adjecerat
558 1668 745 1726 munitionem.
783 1665 828 1729 Ita
846 1669 952 1728 minora
970 1669 1026 1728 cas·

83 1799 87 1804 .
162 1757 205 1804 tra
229 1745 328 1806 indua
347 1743 502 1818 majoribus,
528 1745 624 1803 castelli
642 1751 724 1822 atque
744 1743 812 1805 areis
836 1743 926 1804 locum
954 1747 1026 1805 obti-

162 1822 271 1880 nebant.
309 1821 381 1879 Item
400 1824 435 1880 ab
447 1822 548 1900 angulo
567 1823 710 1880 castrorum
728 1821 828 1880 sinistro
845 1823 1026 1890 munitionem

163 1898 199 1954 ad
219 1895 319 1952 flumen
336 1897 507 1972 perduxerat,
527 1899 632 1956 circiter
651 1901 736 1974 passus
756 1917 811 1965 cn;
832 1897 887 1978 qud
905 1899 1025 1974 liberius,
1139 1937 1140 1940 =

150 1969 195 2034 'ac
220 1967 274 2028 sune
294 1971 424 2046 periculo,
450 1972 547 2030 milites
567 1986 738 2047 aquarentur.
777 1973 830 2031 Sed
855 1977 877 2032 is
904 1997 1025 2056 quoque,

163 2057 268 2106 mutato
294 2045 403 2103 consilio
427 2046 585 2122 quibusdam
604 2047 747 2114 decausis,
774 2067 839 2124 quat
857 2069 1026 2114 commemo.

162 2124 215 2182 rari
235 2121 338 2180 necesse
356 2139 411 2182 non
426 2123 478 2186 estt
497 2140 531 2179 eo
544 2121 605 2178 loco
623 2123 774 2178 excesserat.
813 2122 857 2180 Its
874 2131 1026 2204 complures
1139 2149 1140 2160 ³

149 2199 219 2260 'dies
234 2199 385 2259 manserant
398 2197 490 2257 costra.
528 2195 697 2254 Munitiones
711 2196 822 2274 quidem
839 2198 950 2278 integrae
964 2223 1024 2263 om.

164 2297 212 2336 nes
237 2291 322 2335 erant.
361 2273 403 2332 Ed
423 2277 500 2352 signo
519 2271 632 2350 legionis
650 2271 743 2340 illator
768 2272 944 2403 speculatores
963 2281 1025 2340 Cae·
1139 2263 1140 2338 f

163 2353 214 2412 sari
232 2353 429 2412 renunciirunt.
469 2350 533 2408 Hoc
546 2348 619 2406 idem
633 2343 717 2408 visum
730 2368 763 2406 ex
787 2350 951 2425 uperioribus
964 2359 1025 2434 qui.

163 2429 275 2490 busdam
294 2428 402 2488 castellis
414 2426 649 2488 confirmaverant.
690 2425 717 2484 Is
735 2425 808 2486 locus
827 2427 919 2488 aberat
937 2431 953 2488 d
973 2453 1022 2494 no.

164 2508 205 2564 vis
224 2505 344 2582 Pompeii
363 2505 462 2574 castris,
486 2505 591 2564 circiter
610 2503 694 2580 passus
716 2522 743 2560 n.
781 2501 864 2562 Hanc
886 2506 1023 2593 legionem
1139 2505 1140 2532 ¹

102 2588 103 2593 ’
164 2580 180 2637 s
212 2600 271 2655 reru
289 2581 376 2640 Caesar
392 2581 426 2640 se*
438 2582 592 2660 opprimere
611 2580 694 2656 polle,
721 2579 875 2656 &cupiens
894 2600 949 2655 ejus
968 2584 1023 2643 diei

163 2601 354 2716 dbenimentum
368 2657 478 2722 farcires
498 2656 608 2734 reliquit
621 2657 648 2714 iu
668 2675 751 2734 opere
768 2657 890 2716 cohortes
905 2677 943 2726 rr,
964 2679 1024 2737 quae
1139 2651 1140 2740 J

144 2733 279 2812 speciem
311 2734 465 2794 munitionis
487 2734 663 2868 1praeberent:
697 2731 751 2810 ipse
781 2733 885 2794 diverso
915 2735 1024 2807 itinere,
1139 2743 1140 2746 ’

163 2808 248 2888 quim
278 2811 365 2887 potuit
390 2809 485 2872 occulti

515 2807 569 2878 md,
602 2810 718 2888 reliquas
743 2809 877 2879 cohortes,
909 2830 1025 2874 numero
1139 2847 1140 2864 2

166 2905 290 2956 xxxiii,
309 2888 337 2946 in
356 2887 452 2965 quibus
470 2900 529 2944 erat
546 2886 620 2962 legio
642 2907 682 2955 rx,
708 2885 796 2944 multis
816 2887 910 2945 amillis
923 2905 1024 2948 centu·
1139 2903 1140 2964 j

164 2963 293 3033 sionibus,
319 2963 514 3041 deminutoque
532 2964 649 3022 militum
674 2963 805 3030 numero,‘
825 2963 861 3022 sd
886 2963 1024 3042 legionem

143 3111 147 3122 1
165 3040 288 3117 Pompeii
312 3039 451 3118 castrique
477 3041 584 3100 minora
602 3039 702 3115 duplici
723 3039 781 3096 scie
800 3038 882 3098 duxit.
922 3041 1024 3136 Neque
1139 3041 1140 3072 ³

163 3135 229 3182 cum
249 3118 336 3194 prima
351 3118 447 3192 opinio
461 3114 570 3182 fefellit:
589 3135 654 3174 nam
667 3119 691 3170 dc
704 3117 825 3190 pervenit
837 3115 920 3194 pribs,
929 3137 1024 3206 ‘quarn
1083 3179 1087 3183 ,

163 3191 308 3274 l'omprius
333 3193 428 3282 sentire
453 3192 554 3274 pedeti
579 3197 605 3254 ἀ
630 3190 735 3276 tmesi
759 3205 836 3256 erant
861 3206 1024 3332 mctffirtm
