2254 3770
148 143 198 238 itt,
317 145 556 238 C.Jutrr
595 147 861 224 Cmennrs

148 273 197 333 bus
216 275 335 354 undique
351 277 511 336 continetur.
550 276 642 356 Qum
661 277 753 336 hiesu
773 279 839 338 duae
879 291 948 340 arten
967 279 1021 342 fite»

148 354 223 411 utine
241 351 412 422 divideretur,
432 354 543 412 alteram
564 369 670 434 purtem
689 353 744 430 ejus
764 357 825 420 vici.
876 357 931 416 allis
950 377 1019 416 con·

123 432 126 436 ’
149 430 236 494 cellite
261 428 371 490 alteram
391 448 504 488 vacuam
524 429 630 489 abillis
649 431 768 490 relidam
787 433 952 502 cohortibus,
980 433 1020 492 ad
1114 427 1115 518 l

105 560 107 564 .
148 503 333 596 hyemandum
352 506 480 566 attribuit
524 507 595 566 Eum
614 509 704 568 locum
726 509 796 570 rullo
816 509 937 588 iustique
957 529 1019 596 tnu-
1114 533 1115 600 q

148 594 226 640 nrurt.
971 597 975 603 '
1114 601 1115 620 ³

189 657 228 716 ll.
248 659 340 735 Quum
354 657 381 717 cli
423 657 607 734 hybemorum
621 662 771 738 comploret
785 657 945 727 transiffent,
960 657 1019 716 sru-
1114 677 1115 718 ἢ

148 734 324 811 mentiumque
342 733 376 792 ed
396 737 559 810 comportari
575 735 696 810 juffisset:
721 734 806 795 subitd
826 756 875 814 per
893 735 1020 812 explora·
1114 735 1115 750 ¹

149 823 220 868 tores
233 812 332 869 certior
343 810 426 870 facim
438 813 484 878 est,
499 829 532 870 ex
544 811 576 870 ed
590 825 667 888 parte
681 814 741 879 vici,
756 833 836 890 quam
850 811 937 870 Gallis
950 829 1017 871 con·

147 887 265 955 cesserat,
286 905 379 944 omues
391 889 471 945 noctu
484 887 636 954 discessisset
652 887 821 968 monte‘sque,
862 891 889 946 ui
909 890 1017 966 impen-

147 961 252 1033 derent,
266 961 283 1020 a
296 963 597 1022 maximtmuttiudine
610 965 815 1025 Sedunorum&
859 985 904 1022 era
937 980 1017 1026 otum
1114 965 1115 994 ³

149 1041 245 1098 teneri.
286 1038 319 1098 ld
337 1039 442 1115 aliquot
460 1039 495 1098 de
513 1041 597 1098 causts
616 1043 757 1110 acciderat,
783 1058 815 1100 ut
833 1041 919 1099 subito
937 1041 1017 1101 Galli
1114 1043 1115 1070 l

148 1113 212 1173 belli
231 1115 379 1174 renovandi
397 1115 565 1194 legionisque
578 1119 761 1194 opprimendae
777 1119 916 1178 confilium
935 1135 1016 1194 cape-

148 1207 218 1252 rent.
257 1191 390 1260 Primum,
418 1193 492 1270 qudd
521 1196 669 1270 legionem,
697 1214 786 1271 neque
813 1215 874 1253 earn
902 1194 1016 1270 pleniss-

92 1344 94 1347 .
147 1286 242 1334 mame
268 1269 391 1328 dumdis
414 1270 568 1328 cohortibus
586 1271 688 1330 duabus
695 1295 705 1338 ς
732 1271 955 1348 &compluribus
982 1270 1016 1328 fi·

146 1345 272 1480 pillatint,
292 1347 338 1422 qui
358 1348 525 1405 commeatur
543 1349 652 1425 petendi
672 1347 752 1408 cauus
771 1351 836 1406 miffi
856 1359 941 1415 erant,
966 1347 1015 1406 ab·

159 1424 278 1492 entibus3
304 1435 416 1499 propter
434 1425 598 1500 paucitatem
622 1423 819 1503 despiciebant:
844 1439 903 1482 tum
923 1423 1018 1493 etiarn,

147 1498 232 1576 qubd,
253 1513 365 1578 propter
379 1499 548 1576 iniquitatem
565 1501 636 1565 loci-5
655 1519 739 1577 quum
758 1501 807 1578 ipfi
826 1519 863 1559 err·
878 1501 1020 1560 montibu

146 1575 175 1632 itt
196 1575 294 1636 vallem
313 1575 494 1646 decurrerent,
518 1581 544 1632 dt
563 1575 616 1634 tela
633 1576 814 1652 conjicerent;
842 1595 877 1635 ne
895 1574 1017 1654 primum

145 1652 257 1728 quidem
318 1653 354 1710 ffe
370 1653 503 1730 impetum
522 1651 644 1710 sustinere
662 1653 849 1715 existimabant
891 1651 1015 1712 Accede·

146 1725 203 1796 bat,
223 1727 277 1804 qud
310 1729 368 1782 suot
385 1727 420 1782 ab
440 1729 465 1783 se
483 1727 581 1783 liberos
600 1725 741 1786 abstractos
761 1727 883 1787 obfiuun
902 1729 1015 1787 nornine

72 1825 76 1832 ·
145 1799 291 1862 dolebant:
319 1806 344 1860 lc
366 1799 517 1870 Romanor,
543 1821 599 1860 uon
622 1801 709 1862 solium
731 1805 832 1864 itineris
855 1804 943 1874 cauea,
969 1801 1016 1864 scd

146 1882 230 1939 etiam
252 1890 388 1960 perpetuae
408 1878 578 1956 poss'eslionis,
604 1879 722 1940 culmina
744 1881 856 1959 Alpium
879 1897 1017 1958 occupate-

145 1959 250 2028 eouari,
270 1963 340 2016 &ea
351 1955 411 2014 loca
424 1953 543 2017 sinitirttae
555 1958 701 2036 provinciae
715 1958 871 2036 adjungete,
891 1957 941 2018 tibi
952 1976 1015 2036 petz

143 2031 245 2096 suusum
257 2033 403 2094 habebant.
502 2073 503 2078 κ
980 2034 988 2068 “·

184 2112 242 2172 ΙΙΙ.
268 2111 319 2170 Hie
336 2111 440 2170 nunciis
452 2129 515 2170 acce
536 2113 580 2182 tis,
602 2110 693 2172 Galba
700 2135 709 2180 ;
733 2130 817 2190 quum
838 2128 928 2190 neque
945 2106 1013 2188 oput

145 2189 339 2266 hybernorum,
355 2190 487 2248 munitiou
497 2190 505 2208 '
517 2209 570 2268 que
580 2189 660 2268 plene
675 2191 757 2247 essent
768 2190 911 2264 perfectae3
924 2207 1013 2266 neque
1114 2225 1115 2258 ,

145 2267 180 2329 de
192 2267 337 2333 frumento,
359 2265 518 2346 reliquo'que
531 2277 692 2332 commeatu,
709 2263 771 2320 satie
785 2265 846 2322 eslet
859 2264 1011 2339 provisurus
1114 2271 1115 2274 ’

145 2343 230 2422 quid,
247 2343 385 2403 deditione
398 2343 478 2412 sadai,
500 2339 684 2471 obsidibusque
696 2339 821 2414 acceptis,
841 2341 879 2396 nil
892 2340 926 2397 de
940 2339 1014 2400 bello

145 2420 296 2480 timendum
322 2421 534 2478 existimaverat:
564 2415 641 2474 conci
653 2415 680 2472 io
704 2414 827 2473 celeriter
852 2430 1013 2486 convocato,
1114 2423 1115 2482 Ῑ

145 2497 285 2558 sententiar
305 2497 443 2586 exquirere
460 2491 552 2569 coepit.
593 2493 656 2565 Quo
668 2491 696 2548 in
710 2491 836 2561 concilio,
855 2513 939 2571 quum
952 2506 1029 2552 tans

145 2587 203 2632 turn
225 2573 358 2649 'repentini
381 2567 492 2662 periculi
515 2581 613 2644 praeter
631 2569 789 2646 opinionem
806 2571 938 2631 accidisset
945 2594 953 2636 t
977 2591 1010 2630 ac
1059 2633 1062 2635 ,

140 2649 200 2726 jam
222 2648 315 2706 omnia
337 2645 393 2703 fere
416 2642 551 2720 superiora
573 2643 632 2703 loca
656 2645 827 2704 multitudine
846 2661 1011 2708 armatorum

145 2724 282 2799 completa
304 2720 536 2797 conspicerenture
558 2739 647 2798 neque
669 2721 781 2781 subsidio
802 2725 898 2794 veniri,
922 2739 1011 2800 neque

144 2788 371 2876 commeatue‘sup
391 2797 481 2865 ortari,
496 2797 638 2856 interclusit
651 2798 797 2869 itinertbue,
811 2801 912 2878 possemv
924 2797 1015 2876 propb-

62 2890 75 2902 '
145 2877 200 2936 'am
213 2875 350 2954 desperati
363 2817 464 2939 glum
475 2871 610 2932 nonnulla
625 2873 773 2952 hujusmodi
788 2877 922 2934 sententiae
936 2876 1009 2934 dice·
1114 2913 1115 2958 4

124 2899 257 3032 ‘banturt
276 2965 315 3022 ut,-
330 2949 528 3030 impedimentis
542 2949 649 3020 relietu,
664 2955 804 3030 eruptione
818 2953 898 3020 faeta,
917 2952 1010 3014 iisdem
1114 2965 1115 2970 ’

118 3025 130 3072 ‘·
145 3024 294 3093 itineribus,
314 3031 410 3106 quibus
423 3025 456 3085 eb
476 3025 662 3106 pervenissent,
681 3029 845 3088 adsalutem
864 3031 1009 3090 contende·
1114 3031 1115 3036 ’

11 3109 13 3116 ’
83 3146 93 3160 .
145 3117 215 3167 rent.
253 3104 354 3180 Majoti
373 3120 464 3165 tamen
481 3105 551 3182 parti
564 3105 673 3184 placuit,
694 3105 747 3164 hbe
761 3105 897 3165 reservato
910 3107 945 3166 ad
963 3125 1010 3164 ex·
1114 3173 1115 3180 ἵ

145 3196 264 3241 tremum
277 3183 398 3257 consilio,
416 3181 524 3246 intuitu
543 3181 583 3246 rei
601 3197 729 3247 eventum
745 3184 871 3262 experiri,
891 3185 1016 3244 &casira

145 3258 302 3328 defendere.
953 3332 998 3396 IV
1037 3291 1040 3296 ¹
