2302 3782
280 101 335 154 ιιι
361 79 525 186 Bruto
550 73 827 154 Arnrcnuo.
903 20 1008 178 '357

175 211 318 274 XXVIII.
336 211 426 288 Scipio
443 211 552 286 interim
573 205 632 270 fere
651 210 773 288 quotidie
790 228 847 272 non
859 206 941 288 longe
962 210 999 268 ab

136 289 191 350 suis
217 289 305 348 castris
329 289 441 367 passibus
463 306 523 346 ccc
541 285 669 344 instruere
695 286 794 356 aciem,
822 307 863 356 ac,
896 285 1000 361 majore
1057 306 1064 319 ·

24 363 26 420 5
137 367 195 424 diei
207 379 284 442 parte
301 362 468 442 consumpta,
486 361 572 422 rursus
586 360 612 421 se
624 361 652 420 io
665 363 750 420 castra
762 364 903 453 recipere·
914 362 999 438 Quod

24 533 26 562 ³
140 519 270 596 prodiret,
289 538 308 575 n

33 861 37 868 -
141 821 254 900 tquue
289 821 468 891 multitudine,
505 841 560 880 uno
586 833 711 911 tempore
735 820 896 898 progressus,

137 461 227 519 quum
249 441 343 520 sapius
357 439 448 505 fieret3
469 457 558 518 neque
578 437 731 498 exCaesaris
753 440 840 498 callns
858 437 1000 573 qurspuam

344 535 378 578 ue
397 515 508 596 propiis
527 515 583 592 ejus
598 515 689 593 copias
703 515 857 574 accederet:
876 515 911 574 de
921 515 1001 594 pediti

139 594 271 672 patientia
280 539 387 652 eldam
409 591 592 682 exercitiisque
609 591 673 667 ejus,
691 591 817 650 universus
829 592 914 670 copiis
935 610 1001 670 pro·

138 671 237 738 ducit,
256 667 462 748 elephantisque
484 669 584 728 turritis
606 687 669 728 xxx
691 679 754 727 ante
779 669 867 726 aciem
891 669 1002 736 inslruc·

138 746 185 816 tis,
226 745 310 823 quim
342 745 464 804 latissime
497 746 586 822 potuit
616 732 739 823 porrecti
770 746 892 822 equitum
924 745 1003 881 pedi&

948 841 982 886 au

136 898 179 958 ita
201 897 284 978 longe
304 896 443 957 dCaesaris
461 899 549 956 castris
572 897 685 958 constitit
703 917 733 956 ιιι
749 917 857 976 campo.
897 895 1003 971 Quibut

139 973 220 1034 rebur
237 976 362 1053 cognitis,
383 973 470 1036 Caesar
485 973 562 1048 jubet
579 973 686 1044 milites,
706 975 755 1052 qui
780 987 855 1032 extra
873 975 1002 1032 munitio·

141 1069 190 1110 net
220 1052 409 1130 processerant,
436 1049 538 1131 quique
564 1049 710 1128 pabulandi
734 1061 781 1110 aut
806 1049 927 1132 lignandi
941 1047 942 1052 ’
956 1061 1003 1108 aut

138 1127 227 1186 etiarn
249 1129 387 1187 muniendi
412 1129 498 1206 gratiii
518 1127 619 1186 vallum
645 1128 786 1204 petierant,
820 1124 944 1204 quae'que
967 1127 1004 1186 ad

142 1204 260 1263 eandem
272 1225 331 1263 rem
344 1225 410 1283 opus
420 1219 506 1270 erant,
526 1223 619 1262 omnes
637 1203 709 1262 iutra
730 1202 893 1262 munitiones
915 1203 1004 1262 minu-

144 1280 222 1340 tatim
242 1281 416 1359 modeste'que
436 1280 491 1338 sind
512 1281 629 1340 tumultu
649 1294 695 1338 aut
714 1292 817 1339 terrore
834 1279 861 1338 se
872 1280 1004 1356 recipere,

143 1367 227 1432 atque
245 1359 275 1416 in
293 1357 548 1435 opere·confillere;
572 1376 588 1416 e
608 1357 705 1416 uicibus
726 1367 826 1423 autem,
866 1357 894 1414 ui
911 1356 941 1414 in
953 1357 1005 1415 sla·

142 1432 219 1491 tione
237 1435 353 1502 fuerant,
372 1435 503 1512 praecipit,
521 1445 553 1492 ut
571 1377 655 1510 nique
675 1451 710 1491 eo
731 1431 822 1491 locum
841 1452 858 1492 o
877 1433 1007 1504 tinerent,

144 1508 242 1587 inquo
257 1509 349 1588 paullo
362 1509 425 1570 ante
446 1509 625 1579 constitissent,
644 1510 732 1590 donec
751 1508 786 1568 ab
805 1508 878 1568 holle
898 1507 1006 1571 missum

142 1585 229 1645 telum
249 1587 284 1646 ad
305 1587 331 1645 se
353 1587 520 1664 pervenirem
550 1586 627 1665 qudd
653 1585 803 1663 sipropiius
821 1583 1006 1656 accederetur,

139 1659 228 1740 quim
247 1665 421 1725 honestissime
434 1663 460 1722 se
479 1663 550 1724 intra
568 1663 731 1722 munitiones
750 1662 911 1740 reciperent.
949 1661 1008 1727 Alii

142 1758 254 1816 quoque
274 1743 403 1819 equitatui
422 1739 512 1810 edicit,
544 1739 586 1799 uti
606 1739 654 1798 suo
678 1735 791 1816 quisque
812 1740 875 1798 loco
897 1751 1007 1816 paratus

133 1816 312 1896 'armatisque
324 1816 419 1894 praelld
439 1817 510 1876 esset.
548 1815 588 1876 At
608 1817 667 1876 haec
689 1833 745 1876 non
764 1813 818 1894 ipse
838 1835 887 1907 per
910 1815 935 1875 se
956 1833 1005 1874 co·

141 1887 213 1956 rim,
234 1912 319 1968 quum
341 1894 376 1950 de
386 1894 460 1950 vallo
477 1891 719 1970 perspecularetur,
733 1891 788 1963 sed,
807 1891 921 1952 mirabili
935 1893 1007 1969 peria

144 1977 188 2024 tus
208 1964 318 2024 scientiai
334 1966 463 2034 bellandi,
482 1969 510 2022 in
524 1970 651 2042 praetorio
663 1968 764 2036 sedent,
783 1989 832 2044 per
853 1969 1004 2047 speculato·

29 2113 33 2126 Ι
85 2043 108 2061 ··
142 2059 187 2100 ree
207 2044 233 2096 δι
252 2041 362 2100 nuncios
384 2042 543 2116 imperabat,
560 2063 623 2118 quae
643 2041 702 2098 fieri
713 2043 831 2102 volebat.
869 2046 1006 2109 Animad-

143 2115 267 2175 vertebat
285 2117 369 2184 enim,
388 2134 556 2192 quamquam
577 2118 681 2191 magnis
702 2113 784 2174 essent
805 2120 889 2195 copiis
908 2122 1005 2189 adven,

143 2191 206 2252 sarii
219 2191 298 2258 steti3
317 2205 408 2250 tamen
420 2191 489 2268 saepe
502 2189 555 2250 ase
569 2191 675 2266 sugatis,
688 2191 778 2267 pulsis,
794 2193 945 2269 perterritis
960 2211 1004 2268 ue,

144 2275 171 2328 δι
195 2269 345 2330 concessam
371 2268 455 2326 vitam
482 2271 507 2324 δι
532 2267 626 2344 ignota
645 2279 772 2344 peccata:
802 2269 898 2345 quibus
922 2288 952 2327 re
972 2293 1003 2335 ue

143 2365 293 2424 numquam
315 2357 389 2404 tanta
410 2343 569 2422 suppeteret,
589 2363 623 2401 ex
646 2342 765 2420 ipsorum
788 2345 885 2404 inertia
901 2345 1004 2410 consci-

142 2425 273 2510 emaque
296 2421 390 2489 animi,
410 2421 527 2480 victonae
553 2419 660 2489 fiducia,
679 2431 710 2478 ut
730 2419 812 2482 casim
831 2421 878 2482 sua
901 2423 1003 2485 adoriri

141 2501 280 2566 auderent.
319 2497 452 2560 Bructerae
470 2497 548 2574 ipsius
568 2515 668 2556 nomen
681 2495 884 2574 auctorittsque,
902 2500 1004 2578 magna

142 2593 179 2641 ex
197 2589 286 2652 parte,
304 2591 401 2636 conam
424 2575 554 2633 exercitius
573 2574 712 2632 minuebat
735 2573 885 2633 audaciam.
925 2575 1003 2638 Tum

141 2653 259 2730 egregie
280 2652 443 2710 munitiones
467 2651 620 2720 castrorum,
640 2656 665 2708 tr
677 2649 740 2709 valli
759 2648 939 2728 sollarirmque
962 2652 1003 2710 as·

141 2729 241 2796 titudo,
260 2732 287 2787 ac
308 2740 383 2788 extra
393 2727 494 2786 vallum
514 2728 572 2804 styli
585 2729 648 2786 caci
667 2725 818 2786 mirabilem
837 2727 866 2786 in
888 2726 1003 2792 modum

24 2821 26 2892 l
139 2806 246 2874 consiti,
266 2803 310 2864 uel
335 2799 391 2862 sune
410 2802 590 2864 defensoribus
610 2804 715 2863 aditum
735 2802 890 2864 adversariis
909 2805 1002 2880 prohi-

140 2881 253 2958 bebant.
290 2881 479 2956 Scorpionem,
506 2879 712 2958 catapultarum,
732 2878 943 2958 caeterorumque
961 2893 1003 2940 te-

142 2959 242 3028 lorum,
281 2975 323 3020 aar
336 2957 371 3015 ad
382 2956 583 3016 defendendum
595 2957 679 3020 solent
690 2956 791 3034 parari,
804 2975 934 3034 magnam
953 2975 1002 3023 co·
1018 3022 1022 3029 Ι

139 3036 218 3113 piam
230 3037 266 3093 ha
300 3033 355 3092 bat.
368 3035 374 3066 ·'
397 3033 443 3092 At
474 3051 489 3092 e
511 3035 578 3103 haec,
596 3047 706 3113 propter
723 3033 854 3093 exercitiis
874 3031 913 3091 sui
932 3051 1002 3112 prat·

57 3158 61 3162 1
139 3113 221 3176 sentis
254 3114 416 3190 paucitatem
497 3111 657 3180 tirocinium,
693 3124 904 3188 praeparaveram
943 3126 1001 3174 non

137 3189 256 3273 duilium
277 3191 306 3274 ui
330 3193 355 3273 da
380 3195 456 3272 uictu
474 3200 627 3274 pommotup
648 3189 795 3272 patientem
816 3187 843 3274 se
862 3187 1001 3269 timidon-
