2300 3772
147 312 287 368 manerete
309 301 433 372 Cornius,
454 305 503 382 qui
515 303 659 383 postillam
672 269 900 371 vnlrsersttibnem,
923 313 1010 384 quam

148 381 228 459 supri
236 382 522 449 commemoravimus,
532 382 638 460 semper
649 381 684 440 ad
694 401 787 440 omnes
798 397 887 440 motus
898 399 1009 460 paratus

147 458 199 519 suis
213 458 317 517 civibus
331 459 384 517 else
395 459 557 526 consutilletr
579 479 631 519 nec
641 459 753 519 confilia
774 458 840 519 belli
884 461 1012 519 uaerenti·

149 536 200 595 bus
225 539 319 596 auslor
332 555 471 595 armorum
483 537 594 616 dt'rxque
607 539 724 604 deessem
765 553 859 596 arente
900 540 1008 598 omanis

148 615 269 683 civitate,
293 634 356 673 cum
369 615 421 673 suis
431 615 568 692 equitibus
578 614 605 673 se
618 614 732 692 surisque
740 559 888 674 sitrociniis
900 615 1008 684 alebatr

53 751 64 772 ⁶
147 692 303 770 infestisque
325 692 466 751 itineribus
483 707 654 752 commeatus
672 693 836 784 complures,
865 694 913 770 qui
932 711 1011 752 com-

145 770 325 850 portabantur
335 771 365 828 in
377 769 502 848 hyberna
514 771 714 838 Romanorum,
734 772 934 850 rntercipiebat.

186 849 318 908 XXXIX.
343 849 410 906 Erat
428 849 572 908 attributus
587 849 712 907 Antonio
726 849 867 928 praefeslus
882 848 1008 926 equitum

145 927 181 986 C.
194 926 348 985 Volusenus
388 926 534 994 uadratus3
554 927 602 1005 qui
614 946 678 985 cum
692 947 727 985 eo
739 929 893 1004 hyemaret.
921 927 1008 986 Hune
1022 997 1025 1002 ,

86 1069 89 1076 ,
144 1005 282 1064 Antonius
305 999 342 1062 ad
364 1003 583 1083 persequendum
603 1005 756 1082 equitatum
777 1006 894 1063 hostium
912 1005 1008 1066 mittit.

145 1081 299 1142 Volusenus
323 1096 414 1140 autem
434 1083 544 1142 adeam
568 1083 707 1152 virtutem,
727 1103 790 1162 quae
814 1081 955 1162 srngularis
978 1084 1008 1141 in

145 1179 181 1219 eo
203 1174 272 1228 erat,
302 1179 434 1236 magnum
452 1160 547 1219 odium
563 1162 656 1219 Comii
677 1160 863 1239 adjungebam
891 1159 948 1240 qud
973 1160 1009 1218 li·

144 1237 253 1297 bentius
275 1237 304 1296 id
325 1239 438 1307 faceret,
460 1239 536 1317 quod
550 1237 746 1318 imperabatur.
787 1239 895 1318 Itaque,
915 1237 1008 1317 dispo-

142 1317 198 1376 *fitis
235 1317 344 1384 insidiis,
379 1315 480 1396 saepius·
498 1317 556 1394 ejus
582 1317 688 1396 equites
713 1317 859 1394 aggressus,
889 1315 1007 1375 secunda

112 1395 243 1473 ‘proelia
265 1391 393 1454 faciebat.
435 1393 595 1462 Novissimi,
636 1415 702 1453 uum
727 1393 917 1452 vehementius
940 1413 1008 1453 con·

143 1473 319 1531 tenderetur:
341 1492 373 1530 ac
397 1471 560 1540 Volusenus,
590 1416 671 1550 ipsius
695 1472 886 1550 intercipiendi
912 1472 1006 1530 Comii

144 1543 304 1628 cupiditate,
325 1549 489 1628 pertinacius
512 1564 576 1610 eum
591 1570 654 1609 curn
667 1551 761 1628 paucis
774 1550 907 1608 insecutus
921 1551 1006 1618 esset3

143 1629 190 1690 ille
204 1643 296 1686 autem
317 1627 384 1706 fugi
397 1628 556 1687 vehementi
569 1627 742 1686 volusenum*
778 1628 923 1686 reduxisset
942 1629 1005 1686 lon·

143 1705 218 1784 gius:
239 1703 352 1784 repenti
365 1705 490 1764 omnium
506 1704 616 1764 suorum
627 1706 740 1764 invocat
753 1647 836 1766 sdem
849 1721 932 1786 atque
955 1723 1004 1764 au·

142 1783 250 1852 silium,
271 1803 305 1841 ne
318 1783 365 1840 sua
377 1783 501 1852 vulnera,
521 1784 667 1862 perfidem
689 1785 824 1862 imposita,
845 1798 1005 1862 paterentur

142 1862 247 1920 inulta:
269 1857 458 1938 converstique
480 1879 562 1940 equo,
583 1861 613 1920 se
632 1860 765 1922 d'caeteris
783 1863 917 1922 incautitis
940 1878 1005 1940 per·

141 1939 226 1998 mittit
245 1939 274 1996 in
297 1938 467 2016 praefectum.
506 1941 623 1998 Faciunt
642 1941 717 2000 idem
731 1960 826 2000 omnes
849 1942 906 2018 ejus
925 1941 1006 2018 equi·

140 2032 200 2078 tes:
231 2017 386 2097 pauctisq'ue
406 2019 508 2077 nostros
527 2029 691 2078 convertunt
713 2033 796 2098 atque
817 2019 1004 2098 insequuntur.

143 2097 258 2155 Comius
271 2095 411 2154 incensum
432 2096 583 2156 calcaribus
603 2117 706 2178 equum
723 2098 816 2176 jungit
836 2097 1003 2176 eqqua·
1035 2143 1044 2158 .

140 2174 231 2242 drati3
251 2173 402 2252 lancesque
425 2174 522 2236 infesti
549 2177 673 2237 medium
695 2178 786 2235 femur
811 2177 868 2253 ejus
893 2175 1002 2254 magnis
1032 2167 1044 2186 ’

145 2254 249 2313 viribus
272 2254 411 2330 transjicit.
451 2255 585 2332 l'raesesto
606 2256 768 2320 vulnerat03
799 2273 856 2314 non
876 2253 1005 2312 dubitant

139 2333 222 2390 nostri
240 2331 367 2399 resistere,
387 2337 413 2390 a
434 2333 556 2391 conversi
577 2333 682 2391 hostem
696 2331 807 2411 pellere.
849 2331 932 2411 Qrod
953 2331 1004 2390 ubi

140 2410 259 2476 accidis
278 2410 433 2486 complures
453 2411 580 2476 hostiurn,
600 2429 703 2488 magno
724 2411 876 2470 noslromm
896 2410 1004 2490 impetu

140 2487 217 2566 pulsr,
238 2487 434 2553 vulnerantem
455 2487 592 2564 &partim
614 2490 643 2545 in
655 2488 723 2567 fugi
735 2501 918 2567 proteruntur,
939 2509 1005 2566 par·

139 2567 191 2624 tim
211 2565 428 2640 intercipiuntur.
469 2564 554 2642 Qud
568 2564 614 2622 ubi
627 2567 732 2625 malum
752 2565 818 2635 dux,
838 2568 904 2646 equi
926 2568 1005 2625 velo·

139 2643 232 2710 citate,
253 2642 382 2713 evitarim
402 2643 523 2719 graviter
541 2643 697 2704 vulneratus
717 2645 869 2723 praeseslus,
897 2659 927 2703 ut
939 2646 1005 2704 vitae

137 2717 292 2800 periculum
316 2717 436 2776 aditurus
460 2720 608 2788 videretur,
629 2723 745 2781 refertur
768 2724 797 2781 in
811 2725 906 2781 castra.
945 2725 1003 2781 Co-

138 2798 209 2856 mius
223 2812 330 2862 autem3
351 2795 405 2854 live
424 2798 534 2876 expiato
556 2798 605 2858 suo
619 2801 726 2866 dolore,
745 2801 801 2859 live
822 2800 925 2879 magni
937 2820 1003 2878 par-

137 2887 165 2934 te
179 2873 276 2933 amissa
293 2871 425 2934 suorum:
444 2875 549 2954 legatos
572 2878 607 2934 ad
627 2879 781 2938 Antonium
795 2879 898 2946 mittit;
917 2877 1003 2956 se‘que

137 2952 215 3010 &ibi
228 2951 351 3009 futurum
366 2952 412 3010 ubi
424 2953 622 3034 praescripserit,
644 2963 669 3014 dc
682 2977 715 3013 ea
725 2955 860 3016 festarum
873 2977 935 3035 quae
949 2956 1002 3014 im-

136 3029 254 3107 peravit,
285 3029 423 3089 obsrdibus
445 3033 518 3089 datis
545 3034 652 3091 firmat:
684 3055 769 3098 unum
787 3035 856 3093 illud
878 3047 947 3100 orat,
968 3047 1002 3092 ut

136 3106 230 3164 timori
252 3103 300 3163 suo
312 3109 487 3176 concedatur,
509 3131 543 3168 ne
557 3112 585 3166 in
609 3111 783 3188 conspellum
806 3112 902 3169 veniat
914 3109 1003 3188 cujus·

136 3203 221 3260 quarn
235 3183 365 3242 Romani.
408 3189 501 3266 Qam
523 3189 731 3266 postulationem
747 3190 893 3255 Antonius,
914 3189 1001 3266 quum

132 3260 271 3336 judicaret
283 3260 319 3316 ab
335 3262 406 3336 justo
427 3267 501 3326 nasci
514 3269 624 3336 timore,
645 3267 756 3327 veniam
780 3268 886 3346 petenti
907 3266 983 3326 dedit
990 3289 1001 3332 ς

136 3335 242 3398 obfides
257 3339 372 3418 accepit.

934 3419 1000 3480 ecio
