2288 3776
202 155 875 267 DuBnumGniuteoLranls.
905 181 972 277 169

26 381 31 390 ἢ
106 307 204 373 serunt.
246 311 372 390 Qorum
395 309 545 390 pertinacis
555 329 588 369 co
608 309 666 370 nitri
673 337 683 379 ;
704 313 803 384 Caesar,
824 333 862 373 xx
874 315 974 373 cohor·

108 389 179 450 tibus
200 390 342 456 instructis,
371 390 516 467 castrisque
538 409 573 450 eo
589 332 657 448 ioco
679 392 797 460 metatis,
816 393 918 452 muniri
928 395 975 486 ju-

107 467 155 529 bet
173 471 267 528 castra.
309 467 448 538 Absolutis
468 467 607 545 operibus,
627 468 750 546 legiones
762 490 813 548 pro
837 473 910 530 vallo
930 493 974 532 m·

106 547 214 607 structas
227 546 365 614 collocat;
386 547 501 626 equites,
521 544 640 605 sraenatis
661 548 748 625 equis,
773 549 802 606 in
815 551 972 610 stationibus

104 625 231 704 disponit.
272 625 423 694 Bellovaci,
444 641 530 703 quum
548 625 691 684 Romanos
714 625 750 684 ad
773 627 972 706 insequendum

104 719 213 782 paratos
227 703 370 770 viderent;
390 721 482 781 neque
494 705 666 782 pemostare,
688 725 778 784 neque
792 705 893 764 diutius
906 727 971 784 per·

104 801 217 842 manere
236 779 292 841 smb
304 781 412 841 cibariis
427 781 527 840 eodem
539 781 602 840 loco
615 783 720 860 possent
728 807 737 850 ς
757 784 813 841 tale
826 785 971 845 consilium

104 859 143 918 sui
155 861 307 939 recipiendi
318 861 447 920 inierunt.
482 859 593 930 Fasces,
614 860 661 918 ubi
674 859 862 937 consederant,
877 863 969 939 [nam,

26 993 28 996 .
103 938 135 997 in
154 940 214 998 acie
234 939 327 998 sedere
346 937 445 996 Gallos
467 937 612 1006 consuisse,
633 937 814 1016 superioribus
828 959 972 1000 commen·

103 1018 177 1076 ratiis
202 1017 372 1076 declaratum
403 1017 453 1093 est]
482 1017 690 1075 stramentorum
716 1038 748 1076 ac
776 1018 970 1097 virgultorum,

26 1055 30 1170 l
77 1119 80 1128 *
126 1115 222 1154 uorum
244 1095 350 1155 summa
372 1109 433 1154 erat
450 1095 480 1152 in
500 1095 589 1152 castris
606 1097 696 1172 copia,
717 1115 767 1174 per
788 1115 885 1154 manus
898 1097 971 1156 inter

26 1237 27 1244 .
101 1115 307 1241 setransditos,
339 1187 402 1231 ante
425 1173 514 1231 aciem
540 1172 759 1240 collocaverunt3
789 1175 970 1252 extremusque

102 1265 228 1331 tempore
240 1251 307 1319 diei,
328 1251 406 1330 signo
418 1250 612 1330 pronunciato,
632 1269 687 1308 uno
701 1265 826 1327 ternpore
836 1252 968 1310 incende-

98 1346 173 1390 runt.
214 1331 259 1387 Ita
280 1331 422 1386 continens
442 1327 556 1386 flamma
581 1327 674 1404 copias
696 1347 791 1386 omnes
814 1329 927 1405 repente}
952 1327 970 1388 ὲ

98 1409 248 1485 conspeetu
260 1407 330 1463 texit
343 1409 534 1464 Romanorum
546 1429 555 1471 ς
573 1403 648 1483 quod
662 1403 709 1463 ubi
723 1405 833 1474 accidit,
854 1405 967 1464 barbari

100 1485 337 1545 vehementiffimo
349 1483 426 1542 cursu
439 1483 579 1561 fugerunt.

139 1563 205 1622 XV.
227 1562 327 1630 Caesar,
340 1562 388 1621 etsr
401 1559 541 1620 discessum
550 1561 667 1620 hostium
680 1561 898 1622 animadvertere
910 1581 968 1623 non

98 1654 218 1722 poterat,
241 1641 374 1700 incendiis
393 1659 412 1700 o
432 1639 539 1718 posrtis3
559 1653 653 1700 tamen
668 1641 698 1700 id
717 1641 859 1700 confilium
881 1661 968 1719 quum

97 1720 173 1798 fug'ae
194 1720 276 1778 causi
295 1721 394 1780 initum
411 1661 598 1798 bspicaretur,
619 1719 741 1800 legiones
762 1735 918 1799 promovet,
940 1725 967 1780 δε

98 1813 202 1858 turmas
212 1797 299 1858 'mittit
318 1800 352 1858 ad
361 1797 574 1876 insequendum:
595 1797 653 1878 ipse
664 1800 770 1858 'veritus
788 1799 905 1866 insidias,
927 1819 964 1856 ne

96 1875 170 1935 sorte
194 1877 224 1935 iu
252 1877 352 1936 eodem
374 1877 438 1934 loco
462 1875 612 1936 subfisteret
626 1879 727 1943 hostis,
758 1891 842 1956 atque
865 1878 966 1936 elicere

96 1955 200 2014 nostros
220 1954 354 2013 inlocum
376 1968 521 2029 sonaretur
544 1955 685 2030 iniquum
705 1955 808 2014 tardiits
830 1955 964 2034 procedit.

95 2031 222 2111 Equites,
242 2052 329 2109 quum
348 2031 450 2088 intrate
464 2029 572 2088 sumum
586 2037 612 2088 δε
628 2031 771 2090 flammam
783 2035 963 2094 denssffimam
987 2049 1029 2140 0
1116 2059 1117 2110 r

93 2111 245 2176 timerent3
266 2127 308 2175 ac,
331 2107 351 2164 ss
373 2107 421 2184 qui
443 2107 567 2188 cupidius
588 2107 767 2175 intraverant,
788 2111 836 2170 vix
854 2111 965 2171 suorum
1116 2151 1117 2154 =

91 2189 146 2267 ipss
166 2188 271 2266 priores
293 2197 384 2264 partes
406 2179 658 2243 animadverterent
677 2203 830 2260 equorum
855 2187 964 2247 infidias

92 2267 188 2336 veriti,
209 2265 326 2328 liberam
344 2262 507 2322 facultatem
526 2259 566 2319 sui
580 2260 730 2339 recipiendi
742 2261 896 2322 Bellovacis
915 2265 965 2322 de-

91 2343 205 2404 derunt.
248 2345 300 2411 Ita,
322 2341 390 2420 fugi
416 2339 520 2400 timoris
544 2337 848 2417 fimul'calliditatisque
870 2341 963 2419 pleni,

90 2421 151 2480 surb
183 2422 239 2481 ullo
258 2421 435 2484 detrimento,
465 2417 553 2476 miliia
569 2437 627 2476 non
650 2417 767 2495 amplius
792 2439 812 2477 x
833 2421 962 2498 progressi

35 2535 37 2540 .
90 2500 193 2567 hostes,
217 2499 392 2558 munitissimo
404 2495 467 2554 luco
478 2497 564 2554 castra
595 2493 730 2554 osuerunt.
774 2495 854 2566 Inde,
875 2519 962 2576 quum

89 2579 165 2658 saepe
187 2579 217 2636 in
239 2577 340 2635 insidiis
354 2575 459 2652 equites
480 2517 641 2654 peditsique
653 2574 837 2652 disponerent,
858 2597 961 2657 magna

89 2656 261 2716 detrimenta
271 2654 404 2716 Romanis
416 2653 445 2712 in
462 2652 684 2732 pabulationibus
697 2653 862 2714 inserebant.

130 2733 214 2794 XVI.
237 2733 321 2810 Qud
330 2751 418 2810 quum
429 2729 550 2789 crebrius
561 2731 761 2804 accideret3jex
769 2735 880 2813 captivo
891 2754 960 2812 quo·

88 2813 160 2871 dam
183 2811 319 2892 comperit
339 2807 440 2878 Caesar,
460 2810 596 2872 Correum
616 2809 826 2870 bellovacorum
848 2815 957 2883 ducem,

26 2949 27 2972 ,
88 2889 298 2950 fortissurtorum
322 2887 410 2952 millia
432 2907 465 2947 vr
488 2887 612 2966 peditum
634 2888 771 2966 delegisse,
798 2889 958 2968 equite'sque

88 2987 127 3028 ex
149 2966 228 3031 omui
241 2986 357 3025 numero
378 2965 463 3034 mille,
484 2985 553 3042 quos
567 2967 595 3026 in
614 2967 714 3024 insidiis
737 2987 771 3026 eo
793 2967 856 3026 loco
869 2967 957 3026 collo·

86 3063 177 3118 caret,
198 3065 283 3124 quem
297 3045 440 3112 inlocum,
460 3059 573 3124 propter
585 3045 694 3123 copiam
707 3045 837 3116 frumenti
856 3065 887 3104 ac
905 3063 956 3124 pa·

86 3123 150 3189 buli
172 3125 314 3185 Romanos
338 3123 499 3202 pabulatum
520 3124 642 3182 missuros
662 3122 863 3201 suspicaretur.'
890 3125 956 3202 Qu

85 3201 206 3291 ‘cognito
227 3202 350 3270 consilio,
372 3201 463 3260 Caesar
484 3200 608 3280 legiones
642 3199 723 3266 iures,
744 3198 828 3278 quim
841 3200 954 3270 solebat,

87 3281 186 3346 educit
191 3304 200 3347 t
220 3281 438 3359 equitatt'rmque,
450 3297 533 3357 quern
543 3219 667 3357 prasidio
675 3277 880 3354 pabulatoribus
890 3281 955 3338 mit-

86 3361 149 3426 tere
162 3359 271 3440 semper
283 3359 470 3428 consueverat,
481 3357 646 3496 praestituit:
665 3355 730 3416 huic
741 3355 954 3493 interponit&
