2274 3768
196 207 248 256 nn
273 177 419 259 Bruto
443 181 649 256 Ganrrco
674 182 773 256 Lrn.
800 181 847 253 V.
917 203 966 280 79

100 302 285 394 agroa'coiere
304 329 453 396 coeperunt.
493 316 646 376 Hominum
665 314 702 373 est
720 313 823 372 infinita
842 311 974 368 multitu·-

101 393 148 460 do,
182 395 396 474 creberrimaque
421 393 534 453 aedificia
565 391 622 450 sere
650 391 764 450 Gallicis
796 389 966 448 consimilia:

102 470 205 544 pecoris
224 491 337 549 magnus
356 491 491 532 numerus.
530 470 652 530 Utuntur
671 473 717 525 aut
736 486 796 534 aere,
816 479 862 524 aut
878 483 965 522 annu·

100 545 131 612 lie
154 545 245 606 ferreis
263 550 298 608 ad
320 563 424 607 eertum
449 547 554 626 pondus
573 546 741 612 examinatis,
770 561 821 622 pro
841 560 963 600 nummo.

100 621 223 680 Nascitur
243 626 282 684 ibi
308 627 450 702 plumbum
474 624 564 682 album
593 625 619 680 in
646 619 848 696 mediterraneis
875 620 963 694 regio-

25 701 27 782 ζ
100 699 184 768 nibus,
205 701 234 758 in
254 705 393 762 maritimis
414 703 530 766 ferroum
560 699 604 758 sed
624 700 678 775 ejus
698 701 796 775 exigua
815 696 850 752 est
869 699 963 772 copia:

101 794 154 834 aere
181 791 291 836 utuntur
315 782 470 856 importato.
510 779 628 836 Materia
645 777 772 852 cujusque
791 775 907 852 generis,
935 787 978 831 ut.

100 853 128 908 in
142 852 246 921 Gallia,
261 856 313 921 est3
333 870 430 934 praeter
444 857 537 934 fagum
551 867 634 930 atque
647 854 774 912 abietem.
814 851 964 928 Leporem,

102 934 125 987 δι
144 931 286 1007 gallinam,
314 932 476 991 &anserem
498 932 611 1010 gustare,
631 933 670 988 sas
690 950 746 988 non
767 941 876 1006 putant:
905 930 965 986 haec

99 1019 190 1063 tamen
218 1007 304 1074 alunt,
338 1011 422 1067 animi
450 1007 650 1086 voluptatisque
677 1006 766 1066 causa.
805 1003 880 1062 Loca
905 1004 965 1063 sunt

97 1084 300 1160 temperatiora,
321 1086 404 1164 quaim
424 1087 453 1144 in
472 1085 584 1150 Gallim
603 1083 789 1142 remissioribus
809 1081 963 1158 frigoribus,

33 1169 34 1174 ’
98 1159 188 1217 Insula
215 1161 312 1220 naturai
338 1164 486 1239 triquetrae
512 1161 584 1235 cujus
604 1181 688 1218 unum
713 1163 781 1219 latus
808 1159 843 1214 est
870 1173 965 1218 contra

98 1233 233 1294 Galliam.
273 1237 358 1312 Hujus
376 1241 466 1296 lateris
485 1239 552 1296 alter
571 1238 695 1314 angulus,
714 1239 761 1314 qui
781 1235 817 1291 est
836 1237 871 1294 ad
890 1235 965 1294 Can·

98 1313 178 1380 tium,
199 1311 263 1388 'quel
284 1313 340 1372 sere
367 1334 400 1372 ex
419 1314 511 1374 Galliai
537 1332 618 1371 naves
640 1313 830 1388 appelluntur;
856 1314 890 1369 ad
910 1314 965 1370 ori·

97 1404 191 1446 entem
205 1389 311 1448 Solem:
331 1391 451 1459 inferior,
472 1391 507 1448 ad
527 1391 674 1448 Meridiem
693 1391 803 1465 spectat.
844 1388 908 1446 Hoc
927 1389 967 1444 la·

99 1480 139 1523 tus
160 1481 235 1524 tenet
248 1468 357 1526 circiter·
370 1468 455 1526 millia
474 1467 596 1544 passuum
617 1486 645 1526 o.
685 1467 809 1524 Alterum
822 1466 911 1541 vergit
929 1465 965 1523 ad

99 1542 271 1619 Hispaniam,
304 1559 385 1622 atque
410 1544 582 1604 occidentem
607 1543 715 1622 Solem:
749 1543 804 1620 quei
830 1563 864 1602 ex
888 1555 967 1618 parte

98 1619 134 1676 est
162 1622 326 1687 Hibernia3-
347 1621 461 1680 dimidio
487 1623 587 1688 miuor,
621 1635 651 1678 ut
677 1619 849 1688 existimatur,
901 1619 966 1678 uam

97 1694 248 1755 Britannia:
275 1699 321 1756 sed
340 1701 400 1776 pari
419 1699 503 1776 spatio
521 1697 690 1768 transmissus,
718 1713 800 1776 atque
818 1719 851 1758 ex
870 1641 978 1758 gatlia·

99 1772 136 1830 est
155 1775 183 1832 in
197 1775 372 1836 Britanniam.
413 1777 447 1835 ln
467 1777 519 1836 hoc
539 1776 630 1834 medio
649 1772 724 1835 cursu
742 1779 777 1834 est
789 1776 882 1844 insula,
904 1795 965 1866 qoae

98 1852 249 1926 appellatur
267 1852 363 1914 Mona.
407 1855 567 1932 Complures
587 1868 716 1931 praterea
741 1854 857 1912 minores
877 1853 975 1928 obJec·.
1062 1896 1067 1905 .

99 1937 133 1985 tae
152 1929 244 1988 insulae
258 1931 456 1996 existimantem
475 1933 509 1988 de
524 1933 620 2006 quibus
634 1932 723 1988 insulis
743 1933 864 1990 nonnulli
882 1931 965 2008 scrip

97 2002 197 2072 serunt,
223 2008 280 2063 dies
300 2009 442 2063 continuos
465 2026 536 2062 axx
562 2007 608 2064 sub
634 2007 773 2064 brumale
839 2012 977 2066 nostemz·

97 2099 147 2138 nos
175 2081 244 2137 nihil
270 2083 306 2138 de
329 2101 363 2138 eo
389 2081 650 2158 percunctationibus
668 2085 789 2156 reperieb
807 2106 876 2152 mne,
904 2085 964 2150 nist,

97 2159 177 2216 certis
205 2173 238 2214 cx
258 2157 335 2234 aqua
362 2157 499 2223 mensuris,
525 2158 658 2214 breviores
685 2160 737 2216 eise
756 2163 857 2228 noctes,
881 2160 967 2237 quarn

98 2233 126 2292 in
155 2233 322 2304 continente,
351 2235 518 2292 videbamus.
543 2232 644 2305 ¹Hujus
671 2234 706 2288 est
731 2235 873 2309 longitudo
899 2239 966 2293 late-

99 2311 144 2379 ris,
165 2327 194 2369 ut
208 2311 260 2368 fert
274 2311 382 2370 illorum
396 2312 497 2387 opinio
519 2307 706 2388 nccymillium
726 2311 855 2384 passuum.
895 2315 967 2369 Ter·

99 2387 167 2446 tium
187 2390 222 2446 est
242 2405 336 2448 contra
355 2390 587 2466 Septentrionem:
614 2387 657 2442 cui
675 2383 748 2462 'pani
768 2388 840 2445 nulla
860 2388 894 2446 esi
917 2391 966 2446 ob·
1010 2409 1019 2419 ⁴

95 2461 169 2536 jecta
188 2482 274 2532 terra;
300 2466 345 2524 sed
365 2466 419 2540 ejus
439 2466 527 2522 lateris
554 2463 666 2540 angulus
694 2463 810 2522 maxime
840 2465 874 2522 ad
894 2465 966 2523 Ger-

98 2544 219 2601 maniam
239 2544 345 2619 spetlat.
389 2543 462 2598 Huic
478 2541 563 2600 millia
581 2541 702 2617 passuum
728 2559 807 2599 nece
828 2543 856 2599 in
876 2540 965 2622 longi·

99 2621 221 2678 tudinem
241 2620 293 2675 esse
311 2618 481 2678 existimatur.
523 2619 566 2676 Ita
584 2620 672 2676 omnis
691 2619 775 2676 irlsula
794 2620 830 2677 ett
857 2621 885 2677 iu
912 2626 965 2680 cir-

99 2697 183 2760 cuitu,
203 2696 285 2752 vicies
304 2711 418 2752 centena
437 2695 521 2754 millia
538 2696 668 2772 palluum.
706 2697 749 2754 Ex
768 2697 807 2753 bis
828 2698 962 2764 omnibus,

99 2769 184 2850 longe
211 2772 270 2830 sunt
295 2772 482 2834 humanisbrni.
512 2771 711 2850 qui‘Cantium
738 2775 873 2833 incolunt:
902 2797 967 2852 quae

100 2853 178 2924 regio
204 2849 241 2906 est
267 2850 405 2908 maritima
422 2851 527 2914 omnis,
555 2867 644 2926 neque
669 2850 787 2909 multtum
814 2849 830 2906 el
856 2853 966 2911 Gallica

99 2925 227 2984 differunt
259 2926 459 2985 consuetudine.
497 2927 641 2988 Interiores
673 2929 794 3005 plerique
826 2926 965 2986 frumenta

100 3021 152 3060 nen
173 3003 270 3070 ierunt,
290 3003 334 3060 sed
353 3004 422 3060 latre
441 3008 466 3060 δι
485 3023 566 3060 carne
586 3005 695 3062 vivunt:
721 3001 886 3080 pellibusque
905 3005 970 3063 sunt

101 3081 192 3139 vestiti.
232 3081 335 3138 Omnes
363 3079 429 3137 verb
455 3078 481 3135 se
500 3080 620 3137 Britanni
639 3083 710 3138 vitro
730 3078 860 3144 inficiunt,
888 3083 964 3158 quod

102 3157 244 3216 caeruleum
271 3157 351 3216 efficit
370 3157 489 3215 colorem
498 3179 510 3222 ς,
532 3171 615 3233 atque
635 3157 688 3213 hbe
712 3154 880 3216 horribiliora
906 3159 971 3214 sunt

101 3232 130 3288 in
157 3233 249 3310 pugna
277 3233 417 3310 adspectu:
448 3233 600 3310 capilloque
627 3229 685 3288 sunt
710 3235 855 3308 promiffo;
881 3249 966 3310 atque

101 3313 174 3372 unni
202 3325 278 3390 parte
296 3311 417 3390 corporis
436 3311 521 3447 raneiii
537 3323 634 3386 prater
653 3325 736 3388 caput
755 3313 780 3368 δι
798 3309 904 3368 labrum
920 3309 967 3397 ,su-

117 3411 120 3416 ·
539 3405 559 3464 4
625 3425 628 3430 -
870 3404 971 3462 penus.
