2288 3776
159 141 229 219 De
257 139 605 227 Buruo'Gsuurco
623 139 713 216 Lis.
730 137 829 216 VIII.
883 140 950 238 167

121 269 159 330 X.
181 271 279 344 Caesar,
305 294 388 350 quum
415 273 640 332 animaduerteret
669 257 775 332 ¹hostem
800 271 952 349 complures

84 345 143 404 dies
169 350 256 408 castris
279 350 378 426 palude
403 355 428 407 δι
451 352 503 408 loci
531 349 628 406 natura
655 351 763 408 munitis
788 349 814 408 se
843 365 950 406 tenere:

84 441 177 511 neque
200 428 351 504 oppugnari
372 428 455 486 casira
480 445 574 484 eorum
602 423 658 484 sind
690 426 863 485 dimicatione
889 445 952 502 per·

87 500 201 570 arcioni,
230 521 281 561 nec
298 503 393 561 locum
419 501 620 561 munitionibusx
633 502 720 560 claudi
744 502 825 560 nilial
850 503 951 578 majore
1030 499 1039 519 '

89 580 212 634 exercitu
225 580 314 655 posse:
334 580 435 638 litteras
452 579 488 636 ad
500 577 673 636 Trebonium
691 580 785 646 mittit,
806 593 846 648 ut,
866 579 952 656 quim

89 653 229 714 celerrime
240 655 342 734 pollet,
364 656 501 732 legionem
526 671 614 723 xttr,
633 675 695 732 quae
717 675 780 714 cum
802 655 840 712 T.
861 655 952 720 Sextio

89 727 179 804 legato
202 731 231 788 in
252 730 413 807 Biturigibus
434 731 591 806 hyemabat,
616 731 778 797 accerseret;
809 745 890 808 atque
911 735 952 791 ita

90 823 152 861 cum
171 825 219 864 ιιι
242 809 401 884 legionibus,
428 810 534 885 magnis
556 807 703 876 itineribus,
734 810 770 866 ad
795 807 821 864 se
840 808 951 869 veniret.

88 878 148 956 Ipse
166 885 271 960 equites
292 885 411 942 invicem
432 881 613 951 Rhemorum,
639 903 671 942 ac
691 885 859 962 Lingonum,
891 885 954 942 reli·

22 1016 25 1033 ¹
90 959 263 1038 quartimque
276 963 429 1029 civitatum,
449 979 566 1036 quorum
585 979 716 1036 magnum
733 980 876 1019 numerum
889 981 953 1020 evo·
968 979 970 986 ’

90 1051 206 1106 caverat,
226 1037 348 1114 praesidio
366 1037 579 1114 pabulationibus
598 1039 689 1108 mittit,
708 1040 757 1115 qui
782 1037 877 1096 subitas
902 1040 954 1097 ho·

91 1109 169 1170 ilium
182 1114 343 1173 incurfiones
354 1115 516 1172 sustinerent.

127 1188 180 1244 XI.
203 1191 286 1266 Quod
305 1211 392 1267 quum
404 1190 525 1268 quotidie
543 1189 639 1252 fiereta
662 1210 695 1250 ae
710 1190 767 1265 jum
788 1190 954 1254 consuetudi·

91 1281 128 1321 ne
147 1264 289 1341 diligentia
305 1268 479 1334 minueretur,
501 1267 585 1342 (quod
598 1266 758 1342 plerumque
771 1268 870 1325 accidit
891 1269 952 1326 diu·

89 1341 228 1410 turnitare)
263 1343 396 1400 Bellovaci
421 1342 525 1400 adens
560 1361 644 1398 manu
669 1343 800 1416 peditum,
840 1346 955 1418 cognitis

89 1417 245 1474 fladonibus
272 1416 434 1495 quotidianis
459 1418 581 1495 equitum
606 1419 764 1486 nostrorum,
788 1417 954 1495 sylvestribus

91 1493 159 1552 locis
193 1494 301 1553 infidias
340 1495 501 1574 disponuntr
534 1493 686 1572 eode'mque
719 1496 823 1573 equites
848 1495 955 1571 postero

17 1641 18 1644 Ἴ
93 1565 140 1628 die
159 1570 278 1641 mittunt,
303 1575 351 1650 qui
376 1573 496 1652 primum
519 1571 646 1631 elicerent
666 1571 766 1632 noslros
789 1573 818 1631 in
839 1571 955 1642 infidias,

92 1647 194 1704 deinde
207 1649 404 1710 circumventos
417 1650 643 1728 aggrederentur:
663 1648 738 1724 cujus
755 1650 820 1708 mali
841 1647 895 1708 sors
913 1652 955 1708 in·

93 1724 162 1782 cidit
183 1724 302 1794 Rhamis,
334 1729 430 1805 quibus
446 1728 506 1787 illa
534 1729 591 1786 dies
614 1725 743 1821 surgendi
767 1727 883 1786 muneris
905 1726 956 1785 ob·

96 1813 214 1860 uenerat.
233 1848 237 1852 .
255 1803 386 1884 Namque
409 1807 438 1874 ii,
470 1825 553 1882 quum
573 1819 681 1884 repente
708 1803 822 1864 hostium
852 1803 956 1882 equites

93 1877 345 1947 animaduertissent,
366 1901 398 1938 ac
411 1901 525 1938 numero
541 1883 567 1938 su
589 1883 686 1942 eriores
707 1881 867 1960 paucitatem
890 1901 957 1941 con·

95 1955 270 2030 tempsissent3
290 1957 413 2033 cupiditas
430 1958 548 2025 insecuti,
568 1981 585 2016 a
604 1960 736 2034 peditibus
757 1959 876 2034 undique
897 1959 957 2018 sunt

95 2030 271 2096 circumdati:
291 2051 348 2106 quo
371 2033 441 2088 sablo
464 2034 621 2107 perturbati,
647 2033 766 2102 celerius,
785 2036 869 2109 quim
892 2057 957 2094 con-

96 2107 208 2170 suetudo
231 2106 284 2164 fert
309 2108 432 2181 equestris
467 2109 563 2181 praeiri,
598 2108 624 2163 se
653 2124 830 2182 receperunt3
863 2115 957 2171 amisso

94 2180 231 2256 Vertisco,
250 2183 370 2260 principe
383 2183 505 2250 civitatis,
520 2182 646 2258 praescito
656 2184 790 2258 equitum,
814 2186 861 2258 qui
874 2206 959 2261 quum

95 2260 142 2318 vix
155 2281 226 2338 equo
240 2275 349 2338 propter
366 2273 472 2317 aetatem
493 2258 578 2336 pollet
603 2263 651 2324 uti,
671 2273 770 2325 tamen,
790 2260 957 2320 consuetudi-

96 2356 132 2408 ne
146 2337 299 2406 Gallorum,
328 2355 416 2412 neque
442 2339 526 2399 aetatis
547 2334 716 2394 excusatione
741 2337 769 2389 in
795 2333 959 2410 suscipiendi.

95 2413 254 2490 praesecluri
274 2415 331 2472 usus
352 2428 418 2483 erat,
445 2433 533 2490 neque
552 2412 675 2470 dimicari
701 2409 755 2468 fine
777 2409 802 2467 se
827 2415 956 2476 voluerat.

96 2489 302 2550 Inflammantur
326 2503 408 2566 atque
432 2491 577 2548 Incitantur
598 2489 711 2546 holliurn
736 2489 819 2546 animi
840 2488 957 2552 secundo

96 2567 202 2643 proelio,
236 2567 356 2642 principe
382 2571 407 2623 δι
436 2565 562 2643 praesedio
596 2566 764 2624 Rbemorum
799 2565 956 2631 interiecto:

96 2645 177 2702 uollri
190 2643 350 2702 detrimento
364 2644 549 2713 admonentur,
569 2642 723 2718 diligentius
738 2641 878 2718 exploratis
892 2645 958 2705 locis

96 2721 221 2786 stationes
254 2719 402 2798 disponere,
436 2739 467 2781 ac
497 2719 660 2780 moderatiius
687 2719 827 2782 cedentem
856 2722 977 2800 insequi.

94 2797 208 2856 hostem.
731 2841 734 2848 ,

116 2873 201 2946 1ΧΠ..
225 2873 292 2933 Non
314 2875 522 2938 intermittuntur
548 2875 656 2934 interim
678 2875 835 2952 quotidiana
862 2875 959 2950 proelia
996 2934 1014 2952 „h

97 2951 126 3010 in
140 2947 282 3028 c'onspedlu
294 2964 470 3030 utrorumque
483 2955 634 3019 castrorum,
654 2971 714 3028 quae
734 2952 769 3008 ad
784 2952 853 3007 vada
867 2953 959 3028 transr-

98 3026 194 3104 tisque
226 3027 327 3087 fiebant
362 3031 475 3106 paludis.
515 3030 577 3106 Qu
609 3029 783 3088 contentione
813 3027 958 3100 Germani,

99 3104 177 3238 {quos
197 3107 438 3183 proptereaCaesar
460 3107 643 3166 transduxerat
669 3106 805 3170 Rhenum,
829 3119 858 3160 ut
885 3108 960 3184 equi-

113 3180 169 3240 'us
202 3183 347 3259 interpofiti
382 3182 578 3259 proeliarentur)
604 3199 688 3258 quum
708 3180 868 3239 constantius
900 3185 979 3240 uni·.

97 3257 163 3316 vers
180 3257 306 3336 paludem
328 3259 496 3328 mansilients
515 3257 659 3338 paucisque
681 3255 853 3318 resistentibus
876 3255 959 3394 ippp'irs-

890 3353 904 3393 θ
951 3375 962 3406 a
