2228 3754
264 130 496 206 DrBarao
520 131 786 206 sencino.
893 140 963 234 389

86 261 266 342 quejadtati,
286 283 373 340 quum
394 260 558 339 Hispaniam
581 275 714 339 peterent,
742 261 777 319 ad
798 258 961 336 Hipponem

86 342 199 420 regium
210 339 377 409 deseruntur,
396 337 445 395 ubi
459 338 541 396 classis
551 341 582 398 P.
592 337 656 414 *sitii
669 338 760 418 perid
773 353 879 414 tempus
890 351 963 396 erat:

89 416 109 476 a
125 418 182 495 qual
197 419 328 496 pauciora
347 417 383 475 ab
397 415 573 490 amplioribus
587 415 774 491 'circumventa
791 412 902 492 navigia
914 413 965 472 de·

88 496 263 584 primuntur:
283 496 378 572 ibique
392 494 485 573 Scipio
497 513 561 553 cum
574 493 616 562 iis,
636 513 705 572 quos
718 493 812 574 paulld
835 491 899 551 ant&
911 509 965 550 no·

88 575 205 642 minari,
226 573 337 631 interiit.
624 586 628 594 “
732 635 736 641 ,

101 700 111 710 ,
131 651 267 710 LXXXV
269 667 286 709 .·
297 647 389 708 Caesar
404 649 523 722 interim,
537 649 643 714 ,Zamae
655 649 781 711 audione
801 645 878 726 regi}
891 643 970 716 sads¹

87 721 225 806 bonisque
247 746 343 785 eorum
355 727 481 796 venditis,
506 723 550 785 “ui
563 729 637 785 cives
652 726 771 784 Romani
793 741 889 783 contra
912 742 963 800 pq·

85 805 188 882 pulum
211 807 470 864 Romanum‘arma
484 747 620 871 ttilerants
672 802 825 880 raemiisque
837 803 964 860 Zamen-

85 881 171 948 sibus,
192 881 240 958 qui
259 882 295 939 de
306 885 341 940 le
354 883 377 939 'e
398 880 577 960 eptclir'dendo,
592 825 734 942 constiutit
754 893 894 958 ceperant,
913 877 965 936 tri-

87 957 182 1026 butis3
215 901 446 1036 vestigalibsrsque
462 960 548 1038 regiis
574 959 712 1038 abrogatis
723 983 732 1024 ι
764 977 800 1016 ex
821 955 966 1090 regnrique

85 1036 233 1114 provincial
257 1036 340 1103 facts,
373 1051 456 1114 atque
484 1038 523 1095 ibi
545 1036 644 1115 Crispo
665 1035 778 1109 Salustio
824 1053 909 1092 rocon
920 1033 969 1090 ule

88 1133 157 1170 cum
178 1114 296 1190 irnperio
317 1113 427 1181 relitlos
456 1114 513 1194 ipse
539 1115 632 1174 Zamd
655 1115 781 1204 egressus,
801 1055 915 1171 bricam

88 1190 213 1266 recepit..
239 1190 283 1248 Ibi
296 1189 373 1249 bonis
386 1193 503 1250 venditis
513 1211 619 1260 eorum,
640 1213 687 1270 qur
698 1190 746 1249 sub
759 1190 831 1268 Juba
844 1189 968 1248 Petreid-

90 1287 148 1344 que
170 1267 277 1327 ordines
290 1266 441 1336 duxerant;
461 1270 529 1328 item
542 1270 717 1347 Thapsitanis
730 1270 761 1326 H
776 1269 794 1325 S
817 1287 855 1326 xx
867 1268 967 1333 millia,

9 1399 14 1416 ‚
91 1345 242 1404 conventui
255 1365 350 1414 eorum
364 1347 396 1404 H
409 1347 427 1404 S
441 1347 603 1415 mamilia,
614 1346 809 1406 Adrumetanis
821 1346 877 1404 Hs
891 1361 967 1410 xxx,

89 1423 242 1482 conventui
255 1442 352 1482 eorum
365 1423 420 1481 HS
437 1443 453 1482 a
467 1423 564 1490 millia,
584 1423 678 1482 multae
691 1423 813 1491 nomine,
833 1423 967 1500 imponit:

61 1549 68 1552 .
91 1499 229 1568 civitates,
260 1499 387 1578 bonaque
408 1517 513 1569 eorum,
535 1501 570 1560 ab
591 1502 667 1559 omni
689 1501 788 1577 injuria
808 1499 968 1577 rapinisque

90 1575 225 1635 defendit.
268 1573 437 1655 Leptitanos,
460 1570 579 1656 quorum
599 1565 781 1656 superioribus
802 1577 879 1638 annis
893 1577 967 1653 Juba

90 1651 168 1713 bona
181 1654 348 1733 diripuerat:
369 1662 395 1714 dc
407 1657 441 1715 ad
454 1657 576 1715 senatum
587 1657 672 1735 questi
684 1656 861 1734 perlegatur,
882 1666 966 1733 atque
1056 1715 1059 1720 ,

938 1109 1087 1184 se¹

91 1730 201 1791 arbitris
218 1731 243 1790 a·
254 1733 348 1792 senatu
368 1735 448 1802 datis,
468 1734 515 1793 sua
534 1755 596 1796 rece
618 1752 712 1800 erant;
732 1737 821 1792 tncies
843 1737 967 1794 centenis
1069 1743 1072 1748 '

29 1875 37 1889 Ι
91 1808 214 1870 millibus
238 1811 331 1888 pondo
352 1811 416 1879 olei,
436 1814 466 1870 in
489 1832 574 1872 annos
592 1756 720 1892 singulos,
749 1814 869 1876 multats
902 1813 968 1874 ideo

113 1885 170 1943 udd
182 1887 270 1955 initio,
290 1907 341 1964 per
352 1889 539 1950 dissenfionem
550 1891 716 1968 principum,
735 1889 893 1952 societatem
902 1912 969 1954 cum

90 1907 169 2039 lube
186 1963 314 2028 inierant,
334 1963 453 2040 et'tmque
477 1969 569 2033 armis,
589 1969 730 2034 militibus,
751 1972 869 2057 pecuniai
885 1973 969 2048 juve·

92 2053 165 2097 rant.
182 2057 185 2062 ¹
205 2039 385 2106 Tisdtitanos,
405 2055 519 2116 propter
535 2044 721 2119 humilitatem
739 2047 865 2117 civitatis,
890 2067 968 2110 certo
1005 2065 1009 2072 ⁴

8 2163 9 2176 2
92 2135 212 2177 numero
225 2116 356 2173 frumenti
368 2116 476 2175 multat.

135 2194 294 2252 LXXXVI.
316 2193 370 2250 His
390 2192 470 2250 rebus
502 2194 582 2258 estiss
601 2194 696 2252 Idibus
707 2197 773 2270 ¹Jun.
787 2199 879 2258 Uticae
899 2203 970 2260 clas·

93 2270 151 2330 sem
164 2270 330 2336 conscendit,
350 2275 375 2328 dc
398 2270 456 2347 post
477 2213 552 2328 (bem
574 2289 617 2329 ιιι
634 2273 746 2330 Carales
767 2275 797 2332 in
812 2277 967 2340 Sardiniam

8 2417 10 2430 ,
79 2349 230 2427 pervenit.
270 2347 314 2405 Ibi
324 2347 487 2416 Sulcitanos,
499 2347 575 2424 quod
584 2349 728 2414 Nasidium
737 2351 847 2430 cinisque
857 2357 974 2418 classem

79 2439 267 2503 receperant,
287 2423 429 2501 copiisque
446 2425 584 2501 juverant,
604 2426 637 2484 'H
650 2428 668 2486 S
688 2447 704 2485 c
717 2429 836 2489 millibus
848 2435 968 2505 multats
981 2469 983 2476 ·

95 2508 123 2560 δι
136 2523 186 2580 pro
206 2503 329 2562 decumis
342 2504 452 2561 octavas
471 2499 593 2581 pendere
604 2503 699 2580 jubet:
720 2505 849 2586 bonaque
863 2532 968 2588 pauco-

96 2598 160 2636 rum
172 2579 281 2645 vendit3
294 2586 320 2637 sc
332 2594 395 2638 ante
407 2581 482 2640 diem
494 2601 533 2639 ιιι
543 2581 607 2650 Kal.
620 2583 730 2658 Qrindt.
744 2604 829 2644 naves
841 2589 971 2651 conscen-

82 2659 153 2722 ,dits
164 2662 189 2714 da
206 2655 222 2713 a
235 2657 378 2724 Caralibus
388 2657 536 2715 secundnm
549 2654 650 2718 terram
661 2661 808 2738 prosedas,
829 2665 970 2730 duodetri-

95 2737 207 2815 gessmo
220 2733 275 2801 die,
289 2735 324 2794 ed
335 2734 412 2812 qudd
424 2736 626 2812 tempestatibus
638 2739 667 2798 in
676 2739 809 2818 portubus
822 2743 971 2812 cohibeba-

94 2828 149 2883 tur,
171 2810 203 2870 ad
218 2811 315 2873 urbem
328 2813 449 2874 Romam
461 2813 546 2874 veuit.

758 3354 793 3418 1.
813 3339 981 3468 aratri
