2288 3776
124 113 193 256 aie
363 160 413 235 A.
461 160 734 236 Htaart

158 289 252 350 XLII.
262 289 338 350 Exce
358 304 400 352 tue
413 291 450 351 ert
463 290 575 352 Caesaris
590 291 723 350 adventus
735 287 771 350 ab
783 290 911 354 omnibus
924 299 989 357 ιιιιιέ·

118 368 225 447 nicipiis
253 375 279 428 δι
298 311 423 438 wimiis,
452 369 607 430 incredibili
634 371 740 430 honore
768 383 851 448 atque
872 391 967 434 amore
975 399 989 436 a

118 459 177 504 tum
198 447 318 526 primum
341 449 416 509 enim
437 448 567 508 veniebat
593 447 629 506 ab
654 449 703 510 illo
725 447 857 508 miversae
879 451 984 512 Galliae

118 521 202 584 bello.
243 524 325 584 Nihil
350 526 566 605 relinquebatur,
587 526 664 604 quod
681 525 720 585 nd
738 540 867 586 omatuur
886 546 983 608 porta-

116 621 188 672 rum.
208 601 348 673 itinerum,
367 604 548 683 locort'imque
562 604 696 673 onmium,
717 602 773 683 quai
791 603 882 662 cesar
893 608 982 668 iturus'

116 695 185 749 erat,
206 683 357 761 excogitari
377 683 472 761 pollet.
514 683 588 742 Cum
607 681 699 740 liberis
719 681 809 740 munis
829 684 979 748 multitudo

38 756 51 776 ’
115 758 228 818 obviim
248 760 429 840 procedebat:
450 759 543 820 hostiae
565 760 692 822 omnibus
713 759 781 820 locis
794 760 981 824 immolaban-

114 849 175 896 tur:
196 839 319 898 tricliniis
341 839 426 898 stratis
447 838 510 897 fora
532 838 691 929 templique
704 837 927 914 occupabam„
948 857 981 906 ut

113 917 160 974 vel
172 917 386 998 exspectatiffimi
398 916 531 995 triurnphi
542 917 637 975 laetrtia
649 917 761 994 praecipi
774 917 868 993 pollet.
897 920 979 983 Tan·

111 1005 142 1130 qa
155 1009 214 1132 crept
226 995 431 1075 magnificentia
451 995 525 1074 apud
537 994 732 1074 opulentiores,
753 994 887 1072 cupiditas
901 999 977 1080 apud

133 1093 282 1134 umrrorcs.

150 1151 258 1211 XLIII.
280 1153 376 1232 Quum
387 1171 483 1210 omnen
499 1151 625 1230 regiones
638 1149 742 1210 Galliae
753 1149 874 1229 Togatae
883 1152 977 1217 Caesar

107 1231 321 1308 percucurriffet,
348 1229 455 1290 summi
474 1229 616 1289 celeritate
636 1230 673 1290 ad
694 1227 846 1288 exercitum
867 1231 976 1298 Neme-

106 1319 255 1368 tocennam
277 1308 377 1376 rediit;
404 1307 613 1388 legionibdsque
638 1307 814 1368 exomnibue
839 1309 974 1386 hybernie

107 1385 144 1444 ad
166 1387 233 1446 fines
250 1387 433 1446 Trevirorum
454 1387 585 1454 evocatis,
606 1385 640 1445 ed
654 1385 790 1464 profectus
809 1387 856 1456 est,
875 1388 974 1467 ibique

105 1465 257 1525 exercitum
270 1465 401 1525 lustravit.
440 1465 478 1524 T.
493 1464 649 1524 Labienum
659 1463 763 1522 Galliae
771 1465 892 1542 Togatae
901 1488 972 1546 prae.

105 1541 181 1610 fecit,
212 1543 268 1621 qud
297 1545 405 1620 majore
440 1542 682 1601 commendatione
710 1543 905 1604 conciliaretur
933 1548 983 1608 ad·

103 1620 257 1680 consulatis
278 1622 450 1700 petitionem.
491 1619 553 1697 Ipse
565 1633 672 1678 tantum
686 1619 815 1680 itinerum
836 1621 967 1695 faciebat,

102 1715 239 1832 quantun
264 1697 328 1762 satis
354 1700 406 1758 elie
429 1698 465 1756 ad
490 1699 674 1757 mutationem
699 1697 824 1758 locorum
854 1716 970 1796 propter

114 1775 214 1834 alubrit
260 1797 289 1834 ιιι
301 1775 482 1834 existimabat.
524 1775 665 1853 Ibiquam
688 1795 752 1834 uam
770 1777 868 1842 crebro
889 1782 967 1839 eudi-

101 1853 176 1921 ebat,
198 1856 240 1912 La
260 1855 354 1914 ienum
377 1853 413 1912 ab
426 1852 543 1912 immicis
563 1853 615 1911 suis
636 1795 791 1915 soiiicitari:
811 1855 968 1936 certidrque'

99 1930 193 2001 fiebat,
213 1932 243 1992 id
263 1933 309 2012 agi
331 1949 483 2012 paucorum
502 1931 629 2002 confiliis,
649 1947 689 2002 ut,
708 1933 867 2011 interposui
889 1933 968 1998 Iena·

100 2011 143 2080 tis
166 2013 335 2080 autloritate,
360 2011 454 2090 aliqui
472 2024 551 2092 parte
563 2012 698 2072 exercitis
722 2012 901 2090 spoliaretur:
922 2029 966 2078 te·

98 2107 164 2147 men
198 2109 289 2168 neque
313 2091 349 2150 de
376 2089 501 2150 Labieno
528 2091 645 2150 credidit
674 2090 826 2182 quidquam
833 2117 843 2159 3
928 2115 964 2156 ue

96 2182 193 2228 contra
205 2167 312 2229 senatun
333 2170 532 2238 eulioritatem,
554 2185 585 2230 ut
605 2169 710 2248 aliquid
730 2168 843 2239 Iaceret,
869 2111 965 2247 &init

95 2245 205 2306 adduci,
245 2247 393 2326 judicabat
424 2249 509 2318 euim,
542 2248 634 2308 liberie
666 2246 807 2306 sententiis
848 2263 960 2325 patrum

93 2327 310 2404 conscriptorum
329 2327 439 2386 causam
458 2327 535 2386 luam
555 2325 636 2386 facile
656 2324 783 2384 obtineri.
823 2325 901 2388 Nam
922 2329 959 2390 C.

94 2404 181 2462 Curio
203 2405 327 2466 tribunus
348 2405 446 2485 plebis,
466 2423 552 2538 quum
569 2402 680 2462 Caesaris
702 2402 814 2462 causam
835 2403 958 2482 dignita-

92 2493 205 2562 temque
218 2484 422 2542 defendendam
444 2481 472 2539 Iu
485 2478 604 2560 cepirset,
624 2481 694 2559 Iaepe
707 2497 767 2542 erat
779 2480 884 2542 senatui
894 2485 958 2560 pol·

90 2559 198 2627 licitus;
209 2563 240 2638 ſs
249 2585 319 2638 quem
330 2566 406 2618 timor
417 2581 545 2618 umorum
566 2559 675 2636 cesaris
687 2560 801 2629 laederet,
821 2558 856 2621 di
870 2569 957 2638 quoni·

88 2661 133 2696 am
152 2641 263 2714 Pompeii
274 2641 407 2696 dominatio
428 2652 504 2716 atque
523 2657 599 2694 arma
618 2661 665 2696 non
685 2644 815 2700 minimum
833 2654 958 2705 terrerem

78 2721 142 2794 soro
154 2720 297 2794 irfferrent3
315 2716 447 2790 abscederet
458 2729 562 2793 uterque
580 2715 615 2774 ab
626 2722 714 2783 armis,
734 2716 902 2796 exercittisque
914 2723 956 2780 A·

87 2801 216 2854 mr'tteret:
228 2797 292 2871 fore
302 2815 329 2851 eo
339 2800 413 2868 pallo
425 2791 543 2860 liberam,
552 2791 587 2853 ὃ]
592 2797 715 2873 suijuris
724 2800 870 2856 civitatem.
892 2796 954 2858 Ne·

87 2892 142 2949 que
165 2873 219 2930 hoc
231 2870 340 2930 tantbm
352 2869 490 2948 pollicitus
503 2871 555 2938 est;
575 2871 620 2930 Ied
633 2871 728 2938 etiam.
740 2873 828 2952 perse
842 2873 950 2938 lenatia

85 2951 268 3008 disceffioncm
282 2948 373 3008 Iacere
385 2949 483 3026 coepit:
505 2949 579 3028 quod
592 2971 628 3011 ne
641 2951 727 3018 fieret,
747 2951 870 3013 consules
881 2953 951 3016 ann·

84 3029 167 3162 ciqple
190 3029 315 3163 Izloprpsesii
336 3027 553 3094 intercederuntr
588 3043 681 3108 atque,
702 3029 742 3093 ita
762 3049 823 3089 rem
851 3031 950 3094 mode·

82 3125 133 3164 ran
153 3125 180 3172 0,
220 3119 382 3164 recerunt.

120 3183 229 3240 XLIV.
252 3183 390 3261 Magnum
412 3183 466 3243 hoc
486 3183 672 3244 testimonium
684 3185 791 3244 senatis
813 3199 872 3244 erat
885 3187 949 3246 uni·

81 3262 167 3327 verI1;
188 3261 409 3338 conveniensque
423 3263 554 3341 superiori
566 3263 649 3322 fatto.
692 3264 769 3322 Nam
782 3264 946 3336 Marcellus,

39 3382 52 3402 .
77 3340 206 3416 promulo
226 3357 309 3411 anno,
331 3359 416 3420 quum
435 3341 612 3422 impugnaret
626 3340 739 3402 CaeIarie
758 3340 944 3424 dignitatem

842 3435 941 3482 contra
