2290 3762
213 143 267 196 nn
286 122 438 194 'lirano
465 119 797 195 Gnnnrcoer.
822 121 870 193 V.
936 120 984 217 87'

134 292 138 298 -
155 247 248 308 XXV.
260 245 437 326 Consurgitur
448 267 483 306 ex
493 249 873 327 conciliorcomprebendunt
886 257 988 306 utrum·

119 343 185 402 que,
205 331 230 384 δι
242 341 319 386 orant
324 349 334 390 ;
357 328 447 398 nesciri
459 327 595 401 deffenstmr
608 325 643 385 ὅ
652 327 798 404 pertinacici
810 349 864 384 rem
878 329 906 382 in
916 325 990 397 sitre-

120 425 189 472 muter
202 403 341 478 periculum
362 404 502 460 deducant:
513 405 624 478 facilem
644 403 688 478 effe
708 425 778 470 eamr
789 405 837 478 seu
858 413 989 467 maneant,

111 483 160 556 seu
170 479 361 554 proficiscantur
371 501 379 541 ;
391 479 422 556 ſs
432 477 498 536 modi
511 502 587 537 unam
600 481 809 550 omnes-sentiant,
825 501 857 536 ac
866 474 991 554 probent:

118 553 218 623 contri,
247 561 275 611 in
293 555 431 631 diffinstone
450 555 547 614 nullam
562 559 594 629 Ji
613 557 727 630 salutem
748 558 894 632 perspicere.
934 551 989 610 Res

117 629 298 707 disputatione
320 631 356 686 ad
382 629 501 688 mediam
526 636 633 691 noctem
653 630 817 708 perducitur.
858 629 990 687 Tandem

22 695 24 750 l
119 705 167 766 dat
192 725 288 765 manus
307 705 391 764 Cotta
419 720 573 784 permotus:
601 709 707 785 superat
734 707 864 765 sententia
885 705 989 764 Sabini.

118 783 327 850 Pronunciatur,
359 783 449 856 prima
475 782 535 843 luce
561 786 652 844 ituros.
692 782 866 843 Consumitur
890 783 917 839 vi
939 781 990 838 iliis

117 861 222 937 reliqua
236 877 298 936 pars
311 860 415 924 noctis3
432 878 517 936 quum
530 861 576 919 sua
591 859 703 939 quisque
716 857 793 918 miles
806 801 989 934 circumsplice·

116 949 168 1004 ret,
195 936 262 1012 quid
286 934 375 992 secum
402 945 508 1012 portare
534 939 628 1014 posset,
656 937 721 1016 quid
749 956 785 994 cx
813 936 990 994 instrumento

117 1013 303 1090 hybernorum
334 1011 488 1088 relinquere
515 1027 664 1091 cogeretur.
704 1013 807 1073 Omnia
833 1011 990 1088 excogitan·

118 1104 173 1151 tur.
200 1108 285 1166 quare
311 1107 362 1146 nec
387 1087 442 1146 sine
470 1089 590 1164 periculo
619 1089 776 1155 mancatum
810 1095 835 1146 δι
860 1089 990 1164 languore

118 1165 248 1235 militum,
275 1165 428 1243 &vigilite
454 1165 605 1242 periculum
631 1180 768 1244 augeatur.
809 1163 902 1223 Prima
928 1163 992 1222 luce

118 1243 155 1302 fic
178 1262 213 1300 ex
232 1242 318 1301 castris
339 1239 548 1319 proficiscuntur,
575 1245 721 1321 atquibus
741 1242 804 1299 esset
829 1238 990 1319 persuasum,

118 1339 176 1378 non
204 1319 239 1376 ab
266 1317 350 1386 holle,
375 1317 419 1376 sed
448 1317 482 1376 ab
507 1320 619 1378 homine
645 1318 801 1376 amicissimo
830 1315 993 1392 Ambiorige

21 1387 27 1420 ³
119 1397 260 1532 copsrlium
286 1395 398 1458 datumr
429 1393 580 1470 longiffimo
599 1396 724 1473 agmine,
751 1383 913 1476 magnisque
940 1391 990 1450 im-

174 1474 291 1532 ienentis.

118 1494 264 1608 PeXXVI.
287 1550 325 1606 At
344 1547 430 1606 hoster
448 1547 541 1628 postea
560 1546 644 1627 quim
665 1567 698 1606 ex
717 1548 850 1606 nosiurno
870 1543 993 1617 fremitu,

118 1626 280 1705 vigiliisque,
309 1627 344 1683 de
364 1625 531 1702 profectione
557 1645 653 1686 eorum
674 1623 809 1683 senserunt
815 1647 825 1689 ;
852 1620 990 1682 collocatis

118 1703 219 1762 insidiis
239 1700 364 1780 bipartiti>
378 1705 406 1760 in
419 1702 507 1778 sylvis,
528 1715 683 1782 opportuno
697 1717 778 1779 atque
792 1700 898 1760 occulto
915 1701 989 1771 loco,

118 1779 137 1838 el
157 1780 271 1839 millibus
285 1780 404 1858 passuum
417 1782 522 1842 circiter
537 1801 562 1838 11
580 1781 768 1842 Romanorum
780 1779 927 1838 adventum
941 1797 987 1836 ex·

119 1851 290 1935 spetlabant:
311 1863 344 1925 ἃ,
365 1875 448 1990 prum
461 1858 487 1918 se
500 1860 588 1932 major
601 1878 661 1936 pars
674 1858 790 1935 agminis
810 1857 838 1914 in
859 1871 903 1916 ma
942 1875 989 1914 anr

120 1934 272 1994 convallem
292 1933 364 1990 demi
385 1935 441 2000 sset,
461 1955 494 1992 ex
508 1937 621 2016 utrique
639 1951 715 2012 parte
736 1935 788 2009 ejus
808 1933 885 1992 vallis
913 1931 989 1992 ubire

118 2012 175 2070 sese
188 2009 373 2069 ostenderunt:
393 2009 598 2086 noviffimcisque
611 2029 745 2086 premere,
766 2015 791 2066 δι
804 2012 904 2086 primos
944 2029 988 2068 ro·
1086 2031 1093 2042 ¹

118 2088 215 2144 hibere
232 2083 366 2148 adscensu,
385 2097 468 2157 atque
487 2086 649 2160 iniquissimo
668 2085 762 2142 nostris
782 2087 844 2146 loco
862 2107 893 2162 pr
932 2089 989 2145 ium

119 2161 292 2222 committere
309 2172 458 2233 coeperunt.
644 2195 646 2198 v
842 2171 846 2180 ’

159 2235 281 2302 XXVll.
316 2235 394 2293 Turn
415 2234 525 2294 demum
546 2231 677 2304 Titurius,
706 2233 748 2291 uti
767 2235 814 2310 qui
833 2235 900 2294 nihil
925 2235 989 2296 ante

121 2313 285 2394 providislet,
316 2311 461 2390 trepidare,
495 2309 659 2380 concursare,
693 2307 869 2388 cohortesque
901 2311 989 2390 dispo·

119 2413 200 2454 nere:
221 2393 279 2450 haec
293 2403 384 2448 tamen
403 2389 458 2468 ipsa
477 2386 582 2456 umiae,
602 2401 684 2468 atque
699 2401 728 2446 ut
747 2407 810 2446 eum
829 2389 922 2458 omnia
939 2390 988 2449 de·

118 2471 199 2528 ficere
216 2469 387 2527 riderentur:
412 2467 486 2544 quod
504 2465 665 2544 plerumque
684 2467 716 2524 iis
736 2465 857 2524 accidere
876 2466 988 2526 consue·

117 2549 169 2614 vit,
188 2547 237 2624 qui
249 2547 277 2602 in
296 2544 406 2622 ipsene
427 2544 483 2602 otio
496 2543 635 2604 confilium
654 2563 752 2622 capere
765 2555 907 2620 coguntur.
946 2545 987 2605 At

117 2623 209 2690 Cotta,
232 2621 280 2698 qui
300 2563 437 2697 cogitisslt
457 2621 516 2680 haec
535 2620 609 2698 polle
628 2621 656 2680 in
676 2622 771 2680 itinere
789 2621 920 2689 accidere,
944 2633 985 2680 at·

118 2701 172 2780 q'ue
198 2697 234 2754 ob
259 2717 319 2754 eam
346 2693 450 2755 causam
501 2699 653 2758 rosettionis
680 2700 773 2758 auctor
798 2718 853 2760 non
880 2697 984 2768 suissete

118 2775 194 2834 nulli
212 2774 241 2830 in
269 2793 298 2830 re
317 2775 455 2832 communi
475 2717 551 2834 siluri
571 2775 679 2833 deerat:
706 2782 740 2845 ac,
768 2775 796 2832 in
816 2776 983 2853 appellandis

117 2849 342 2930 ephortandisque
369 2850 506 2921 militibus,
536 2852 723 2948 imperatorin
757 2856 790 2917 δι,
825 2854 854 2910 ἱη
881 2852 983 2929 pugni,

116 2929 207 2988 militis
227 2925 317 2988 officia
338 2926 485 3004 praestabat.
522 2929 680 3006 Qumque,
707 2939 818 3005 propter
835 2927 983 3005 longitudi-

117 3026 180 3066 nem
193 3005 319 3082 agminis,
337 3002 428 3062 minim
441 3001 520 3066 facile
542 3005 633 3082 perse
651 3005 744 3064 omnia
757 3003 841 3073 obire,
861 3010 895 3074 δι,
915 3005 992 3082 quid·

118 3102 227 3159 quoque
246 3081 308 3142 loco
327 3079 480 3140 faciendum
500 3081 572 3148 esset,
600 3083 742 3158 providere
761 3080 880 3160 pollent3
903 3081 982 3156 jusse-

118 3173 179 3216 runt
204 3155 387 3233 pronunciari,
415 3170 444 3214 ut
461 3159 657 3233 impedimenta
681 3157 874 3232 relinquerent,
899 3169 981 3232 atque

114 3236 145 3296 iri
164 3233 257 3297 orbem
269 3232 449 3298 coufisterent.
487 3234 570 3328 Qud
584 3231 733 3308 consrliuni,
754 3233 801 3304 etsr
819 3237 848 3295 in
867 3231 980 3366 ejusne}

148 3339 152 3346 ⁸
970 3327 980 3363 l
