2288 3776
555 33 563 70 ς
739 3 743 9 .
854 7 858 16 .

218 239 274 298 bs
299 215 456 298 Bstno
480 225 651 298 Crurur
679 222 781 298 L'rs.
808 223 854 304 11.
908 245 982 318 245¹

104 356 206 436 sopiit
227 357 299 432 cujus
311 369 414 438 magna
426 359 465 416 vis
481 357 539 433 j'an't
559 377 592 418 ex
610 359 740 438 proximis
758 371 818 416 erat
836 357 924 416 saliuis
943 355 983 416 ed.

107 437 242 512 congesta
289 435 522 503 Non⁸materia,·
547 437 718 496 multitudiue
742 435 887 500 arborums
908 451 982 492 non

110 511 286 582 frumentum,
307 512 380 586 cujus
394 513 624 588 erant-'plenissimi
636 515 714 590 agris
735 509 850 569 deficere
863 511 980 590 poterat.

109 587 209 667 Itaque
226 589 333 648 suorum
352 589 477 650 omnium
496 589 730 648 consensuCurio'
751 587 868 664 reliquas
886 591 980 666 copias

109 664 273 740 exspedare,
286 669 320 722 ·&
333 665 435 724 bellum
448 665 548 724 ducere
561 667 681 742 parebat.
742 673 745 678 '
801 699 802 704 κ
977 665 980 670 ’

123 772 127 780 ·
149 742 292 800 XXXIV,
306 741 359 798 His
378 743 525 800 constitutis
544 745 632 808 rebus,
653 743 826 821 probatisque
845 740 958 801 consiliis
968 763 980 806 ς

111 833 146 878 ex
173 818 292 895 perfugis
311 817 473 892 quibusdam
492 820 633 896 oppidanis
652 821 737 888 audit,
764 821 872 894 Jubsm,
889 836 981 898 ¹revo-

80 909 95 930 ‘
111 909 203 954 catum
235 894 350 952 finitimo
377 893 458 963 bello,
493 901 518 953 &
543 898 731 955 controversiis
758 898 977 972 Leptitanorum,

19 1013 24 1018 -
113 966 232 1030 restitisse
250 971 278 1027 in
298 987 399 1046 regnos
422 973 562 1037 Suburam,
583 971 638 1047 ejus
656 973 820 1050 praesedum,
840 991 903 1029 curn
922 989 981 1028 me·

112 1047 248 1106 diocribus
279 1048 363 1123 copiis
393 1049 509 1116 miffum,
543 1049 635 1108 Uticae
661 1049 888 1126 appropinquare.
928 1048 990 1104 Hie:
1073 1076 1076 1086 Δ

88 1123 262 1199 „sudoribus
281 1135 381 1182 temere
394 1125 513 1192 credens,
533 1126 673 1184 confilium
687 1139 846 1190 commutat,
869 1129 894 1181 ds
908 1142 982 1200 proe-

113 1201 151 1258 lio
171 1219 229 1256 rem
247 1200 416 1258 committere
435 1203 575 1260 constituit.
616 1202 738 1260 Multum
764 1203 798 1260 ad
826 1202 896 1258 banc
922 1219 994 1280 “mr

113 1273 283 1353 probandam
302 1273 412 1348 adjuvat
431 1277 618 1345 adolescentia,
645 1279 804 1354 magnitudo
822 1278 915 1344 animi,
941 1277 984 1334 su·

114 1353 228 1428 periuris
249 1353 376 1428 temporis
396 1367 551 1428 proventus,
578 1353 679 1414 fiducia
697 1355 736 1410 rei
756 1354 827 1411 bene
846 1352 984 1428 gerendae.

115 1428 170 1486 His
190 1428 268 1485 rebus
282 1427 421 1504 impulsus,
439 1429 590 1507 equitatum
610 1449 721 1489 ornnem
739 1429 828 1506 prims
847 1431 927 1486 noste
946 1429 992 1486 ad'

115 1504 200 1563 castra
231 1504 345 1563 bostium
375 1506 469 1576 mittit,
502 1508 538 1565 ad
561 1508 662 1566 flumen
687 1507 855 1583 Bagradams
886 1504 985 1638 quibus

118 1594 233 1658 praeerat
251 1581 363 1649 Sabura,
389 1584 425 1640 de
444 1603 501 1660 quo
519 1583 585 1642 ante
603 1597 661 1644 erat
679 1585 813 1643 auditum.
853 1581 888 1638 Se
934 1595 991 1640 rex'

116 1657 242 1716 omnibus
271 1661 356 1735 copiis
379 1658 578 1737 insequebatur,
594 1665 633 1719 ¹&
658 1681 691 1720 vr
719 1661 846 1720 millium,
863 1659 985 1736 passuum

119 1735 262 1794 intervallo
288 1733 433 1796 i-Sabursi
459 1738 624 1797 consederat.
662 1739 774 1816 Equites
786 1749 788 1754 ’
800 1736 877 1805 midi,
904 1739 985 1792 nodis

115 1809 167 1869 iter
192 1811 354 1879 conficiunts
381 1815 565 1891 imprudentes
591 1831 676 1892 atque
700 1817 871 1892 inopinantes
898 1812 985 1870 bosies

46 1965 48 1970 Ι
116 1888 322 2017 agprediuntur:
351 1891 479 1950 Numidas
499 1895 586 1960 enim,¹
602 1893 721 1970 quisdam
739 1889 855 1951 barbari
873 1889 995 1956 consue.

116 1975 146 2020 tu
167 1963 220 2028 ine,
238 1963 327 2019 nullis
346 1966 485 2022 ordinibus
503 1969 596 2041 paffirn
622 1969 804 2026 consederant.
839 1967 907 2024 'Hos
933 1985 986 2043 op·

117 2036 217 2114 pressos
235 2035 330 2104 somno
348 2040 519 2115 &dispersos
538 2043 639 2109 adorti,
665 2063 795 2117 magnum
815 2064 910 2104 eorum
935 2063 994 2100 nu·-

117 2128 225 2172 merum
243 2111 421 2170 interficiunt:
448 2116 527 2170 multi
551 2118 685 2189 perterriti
711 2117 879 2194 profugiunt.
919 2119 988 2194 Qo

118 2191 202 2258 fusto,
221 2190 256 2248 ad
269 2189 418 2248 Curionem
438 2189 542 2266 equites
560 2204 742 2260 revertuntur,
761 2191 937 2268 capuvssqss
950 2195 987 2252 ad

121 2286 184 2325 eum
199 2267 339 2324 reducunt.
431 2325 432 2330 χ
815 2297 817 2300 ·
998 2335 999 2342 ¹

157 2343 276 2403 XXXV.
297 2343 382 2402 Curio
395 2361 458 2404 curn
471 2342 599 2402 omnibus
610 2343 694 2417 copiis
705 2341 807 2420 quarti
820 2343 913 2420 vigilis
931 2344 990 2402 eui·¹

122 2435 192 2487 erat,
220 2420 375 2477 cohortibus
397 2439 416 2476 v
436 2421 524 2476 castris
550 2419 673 2496 praesidio
691 2420 798 2478 resistis.
836 2421 988 2496 Progressus

120 2497 207 2556 millia
225 2497 347 2572 passuum
368 2514 413 2563 vt,
436 2497 539 2574 equites
558 2500 704 2560 convenit;
724 2515 781 2554 rem
802 2497 903 2573 gestam
921 2517 988 2573 cog-

120 2573 214 2636 novits
241 2591 275 2629 ex
298 2573 410 2648 captivis
435 2567 539 2650 querit,
567 2574 628 2650 quis
651 2575 740 2658 castris
767 2573 800 2633 ad
823 2573 995 2650 Brogradam

122 2647 225 2727 praestt:
253 2645 422 2724 respondent,
449 2651 590 2708 Suburam.
629 2651 756 2728 Reliqua,
783 2651 868 2708 studio
887 2651 990 2710 itineris
1045 2704 1048 2714 ,

121 2723 291 2790 oonficiendi‚
306 2744 426 2800 quaerere
438 2727 635 2802 praetermittits
653 2728 834 2804 proximique
846 2727 989 2802 respiciens

121 2803 197 2879 figna
205 2824 214 2866 ;
235 2803 368 2876 Videtisne,
382 2804 478 2880 iuquit,
493 2805 595 2871 milites,
614 2811 775 2881 captivarum
785 2810 921 2862 orationem
934 2827 992 2862 cum

117 2882 236 2958 perfugis
248 2885 404 2950 convenire?
419 2879 498 2955 ubeffe
510 2902 611 2956 regems
626 2889 735 2958 exiguas
745 2883 790 2956 isse
802 2886 882 2957 cupias
894 2881 990 2954 maffia,

121 2977 181 3034 quae
195 2959 284 3030 paucis
301 2955 423 3032 equitibus
438 2971 514 3032 paret
532 2959 576 3031 effe
593 2981 640 3016 non
653 2964 790 3034 potuerint.
828 2958 936 3014 Proinde
953 2958 994 3015 ad

119 3037 249 3109 praedam,
266 3034 304 3088 ad
309 3034 430 3109 gloriam,
445 3047 597 3108 properam
616 3039 711 3110 atjam
723 3039 752 3092 de
759 3039 876 3111 praemiis
886 3036 992 3110 vestris,

124 3107 160 3170 ὅ
173 3111 202 3166 de
220 3112 355 3184 rsfirendd
369 3112 467 3186 gratid
479 3116 593 3186 cogitare
604 3117 760 3187 incipiamus.
797 3110 881 3168 Erant
899 3109 990 3188 perse

126 3202 240 3262 magna,
257 3203 319 3262 quae
338 3188 471 3261 gesserant
489 3187 607 3262 equitess
627 3187 773 3264 prasertim
791 3203 875 3266 quum
894 3206 992 3246 eorum

122 3262 234 3338 exiguus
260 3277 476 3323 numerus·cum
505 3264 581 3322 tanti
607 3264 779 3322 multitudine
808 3263 992 3322 Numidarum

111 3339 305 3428 'ponferreturt
332 3341 390 3399 haec
415 3353 505 3400 tamen
529 3339 565 3396 ab
590 3343 651 3420 ipsu
677 3341 797 3400 inflatius
821 3356 991 3399 commemo.-

508 3415 576 3494 M3
848 3414 993 3480 rubentum
