2302 3782
205 213 279 318 316
449 209 498 284 A.
546 210 817 286 Histris
859 225 963 262 ⁹³·

206 354 283 415 riter,
295 347 325 424 fi
344 344 394 406 illa
406 348 525 424 sentiris,
537 352 600 425 sure
611 369 667 406 eum
674 347 760 422 secum
780 345 916 406 affirmans
925 367 935 412 t
958 347 995 406 ad
1008 347 1068 408 suos

206 425 316 484 dimisit.
357 424 419 494 Ille,
441 441 471 484 ut
482 445 519 484 ex
531 425 685 485 carceribus
697 425 728 482 in
739 423 855 485 liberum
865 425 974 484 cursum
989 429 1068 486 emis·

207 502 259 570 sus,
273 502 344 562 aded
353 518 449 562 conns
459 504 595 574 Caesarem
608 504 708 562 acriter
717 501 820 562 bellum
829 521 925 580 gerere
935 506 1030 581 coepit,
1040 517 1070 564 ut
1128 551 1129 554 η

206 581 353 658 lacrymas,
367 599 434 660 quas
447 582 476 640 in
487 581 628 660 colloquio
640 581 803 659 projecerat,
836 581 917 640 audio
929 581 1068 640 videretur
1128 589 1129 598 ’

205 659 365 740 profudisse.
386 659 519 742 Accidisse
531 659 587 718 hoc
599 677 661 718 com
682 656 793 720 luresC
829 661 879 716 aris
890 659 986 748 legati,
1001 660 1068 718 ami·
1128 695 1129 732 3

205 681 1068 830 ci,centuriones‚milite'squelaetabantur;quidnimrabonitas
1128 765 1129 820 3

206 816 267 893 ejus
275 816 390 875 fallaciis
397 813 635 894 puerielusaesset.
646 815 806 888 Quasrvero
814 813 1070 876 idCaelarbonitate
1128 823 1129 856 l

206 907 316 954 tantum
326 894 466 963 adductus,
476 913 508 953 ac
516 913 573 954 non
583 893 786 973 prudentissimo
796 893 908 951 coniliu
917 885 1026 952 lecisset.

213 1007 217 1016 ·
245 973 341 1033 XVII.
362 971 457 1052 Qum
482 973 552 1032 duce
576 973 701 1041 assumto,
724 969 905 1050 Alexandrini
929 971 1017 1028 nihilo
1039 970 1067 1030 se
1128 1007 1129 1050 3

206 1047 343 1112 firmiores
365 1051 461 1119 fastos,
492 1064 541 1110 aut
564 1049 750 1128 languidiores
772 1049 922 1116 Romanos,
942 1049 1069 1108 animad-

206 1141 361 1196 verterents
381 1127 607 1208 eludentibisque
629 1128 760 1188 militibus
773 1127 845 1219 regis
864 1139 970 1186 atatem
982 1139 1068 1205 atque
1128 1141 1129 1146 ’

206 1205 407 1276 infirmitatem,
427 1226 561 1286 magnum
582 1205 709 1267 dolorem
731 1218 907 1284 acciperent3
926 1223 1015 1282 neque
1035 1205 1062 1264 se

206 1282 362 1362 quidquam
402 1285 516 1348 roficere
536 1285 678 1346 viderent:
708 1283 884 1362 rumoresque
906 1283 1066 1352 exsisterent,

206 1381 313 1442 magna
327 1306 429 1424 Casiri
442 1364 574 1443 praesidia,
601 1364 716 1424 terrestri
729 1363 836 1431 itinere,
865 1361 945 1438 Syriai
957 1361 1066 1420 Cilicii-

209 1461 267 1520 que
280 1441 398 1511 adduci;
417 1443 494 1522 quod
505 1443 630 1506 nondum
641 1441 740 1502 Caesari
753 1441 877 1502 auditum
890 1454 965 1499 erat:
987 1440 1067 1496 inrer-

206 1537 254 1587 εει.
274 1535 470 1590 commeatum,
490 1523 542 1601 qui
554 1522 647 1586 nostris
659 1521 729 1588 mari
747 1517 967 1596 supportabatur,
987 1517 1068 1574 inter·

206 1597 301 1674 cipere
321 1599 477 1663 liatuemnt.
517 1600 616 1675 Itaque
628 1597 762 1674 expeditis
775 1596 901 1671 navigiis,
922 1595 991 1654 Iocis
1012 1594 1070 1652 ido.
1128 1611 1129 1664 ᾗ

206 1675 267 1734 ntis
285 1676 323 1734 ad
337 1677 484 1752 Canopum
501 1675 531 1732 in
543 1675 655 1732 statione
668 1671 800 1747 dispositis
813 1671 938 1736 navibus,
962 1672 1072 1730 insidia.

208 1751 311 1810 bantur
322 1752 416 1809 nostris
428 1750 635 1807 commeatibus.
676 1745 761 1821 Qud
779 1745 826 1800 ubi
839 1743 941 1808 Caesari
955 1750 1074 1809 nuncia.

205 1841 269 1886 tum
290 1827 336 1892 est,
356 1825 464 1892 classem
478 1825 560 1900 jubet
572 1843 607 1882 es
628 1821 695 1880 editi
715 1835 798 1900 atque
810 1821 911 1890 instrui.
953 1823 1074 1886 Praesicit

205 1903 274 1966 huic
287 1901 356 1962 Tib.
367 1901 520 1964 Neronem.
551 1843 758 1970 Proiciscuntur
771 1901 800 1958 in
813 1901 846 1958 es
858 1899 938 1958 classe
951 1901 1073 1964 Rhodiae

204 2001 311 2049 navem
340 1995 424 2058 atque
444 1981 475 2040 in
497 1980 539 2038 his
558 1977 808 2058 Euphranor,·smi
830 1997 887 2054 quo
910 1978 987 2037 nulla
1010 2001 1073 2038 um-

203 2079 292 2140 quam
313 2059 455 2130 dimicatio
468 2060 617 2127 maritima,
637 2057 713 2116 nulla
732 2058 817 2116 etiam
834 2075 932 2134 parum
952 2055 1073 2118 feliciter

205 2139 335 2200 confessa
352 2153 420 2210 erat.
461 2140 502 2198 At
513 2139 633 2204 fortuna,
653 2156 715 2214 quae
738 2136 900 2214 plerumque
921 2155 977 2206 eos,
998 2157 1070 2214 quos

206 2218 334 2304 plu-rimis
356 2215 495 2288 beneficiis
515 2218 633 2284 ornavit,
654 2217 689 2273 ad
709 2215 848 2281 duriorem
870 2213 960 2272 casum
984 2215 1072 2273 reser-

205 2313 255 2356 vat
262 2323 270 2366 3
291 2297 460 2376 superiorum
472 2309 629 2376 temporum
641 2293 769 2353 dissimilis
780 2292 990 2370 Euphranorem
1002 2311 1070 2369 pro,

205 2373 379 2452 sequebatur.
420 2377 509 2443 Nam,
529 2395 615 2453 quum
635 2373 672 2431 ad
691 2375 838 2450 Canopum
856 2385 970 2430 ventum
992 2371 1069 2440 esset,

203 2451 388 2534 instrusiique
413 2453 551 2529 utrimque
576 2452 659 2510 classis
683 2450 852 2515 conflixisset,
878 2454 903 2506 δι
927 2447 974 2504 sui
998 2467 1070 2507 con-

204 2529 348 2596 suetudine
370 2531 538 2606 Euphranor
558 2530 661 2604 primus
678 2529 810 2621 proeIium
831 2525 1011 2608 commisisset,
1040 2533 1069 2594 dt

204 2607 265 2676 illic
283 2609 424 2667 triremem
442 2606 559 2662 hostium
580 2603 739 2682 perforasset
752 2625 784 2664 ac
797 2605 977 2670 demersisset3
995 2622 1065 2680 pro-

100 2685 108 2704 '
206 2687 313 2748 ximam
325 2682 436 2760 longius
450 2680 594 2750 insecutus,
615 2703 713 2760 parum
726 2684 850 2742 celeriter
863 2680 1080 2760 insequentibus!

141 2831 145 2840 ¹
207 2763 330 2842 reliquis,
343 2760 543 2822 circumventus
565 2760 600 2822 ab
614 2761 808 2822 Alexandrinis
819 2763 870 2820 est:
891 2761 934 2818 cui
953 2759 1071 2833 subsidi-

208 2841 258 2904 um
270 2856 352 2899 nemo
362 2837 424 2897 tulit
429 2861 439 2904 ;
458 2837 513 2896 five
527 2838 602 2916 qudd
614 2840 642 2896 in
655 2838 713 2916 ipso
727 2837 789 2896 satis
824 2838 927 2912 raesidii,
948 2857 1004 2914 pro·
1014 2838 1072 2894 vir·

206 2917 265 2979 t'ute
288 2937 320 2978 ac
333 2915 463 2976 felicitate
476 2915 543 2997 ejus,
563 2930 690 2995 putarent
710 2919 781 2991 esses
801 2861 856 2976 iive
870 2915 945 2994 quid
958 2914 1008 2992 ipss
1019 2913 1073 2982 sibi

173 3018 181 3035 ν
205 2997 350 3080 timebant.
390 2996 489 3075 Itaque
503 3016 571 3054 unus
584 2995 753 3056 exomnibus
766 3015 800 3056 eo
809 2997 908 3074 praelio
921 2994 994 3054 bene
1003 3012 1072 3064 rem

205 3075 292 3155 gessia
311 3073 381 3134 solus
394 3095 458 3135 cum
471 3074 518 3132 sui
528 3073 693 3152 quadriremi
706 3074 816 3137 vistrice
830 3073 921 3152 periit.
998 3117 1002 3141 2

245 3153 356 3212 XVIII.
378 3153 435 3212 Sub
456 3151 532 3212 idern
552 3165 658 3288 tempus
679 3141 854 3217 Mithridates
868 3154 1071 3229 Pergamenus,

205 3223 315 3310 niagnae
337 3230 486 3290 nobilitatis
499 3231 585 3310 dorni,
614 3230 786 3307 cientiae'que
808 3230 837 3287 in
851 3228 926 3288 bello
940 3235 965 3287 δι
978 3228 1073 3288 virtu,

205 3311 250 3378 tis,
271 3309 334 3368 fidei
356 3307 551 3386 dignitatisque
571 3309 600 3366 in
624 3307 744 3366 amicitiai
763 3307 891 3373 Caesaris3
921 3307 1013 3365 missus
1039 3307 1074 3376 in

202 3389 313 3462 §.ynam
327 3385 509 3468 Ciliciimque
520 3385 599 3452 initio
612 3385 679 3452 belli
697 3383 886 3478 Alexandrini,
907 3383 943 3454 ad
962 3385 1076 3461 auxilia

894 3477 896 3482 ’
971 3475 1074 3538 αςεετς
1128 3479 1129 3486 “
