2288 3776
133 166 200 242 sps
291 130 887 250 ¹e.,Jss11cnssu'1s
941 231 947 241 .

166 277 218 336 XI.
239 275 350 335 Interea
373 277 473 336 certior
491 275 588 350 latius,
601 277 730 356 Iguvium
743 278 902 340 Thermum
923 285 1001 360 pred

126 367 218 413 torem
238 355 398 414 oohortibus
421 377 440 413 v
462 370 566 426 tenere,
594 357 728 434 oppidum
749 359 880 424 munirer
902 361 1000 419 omni·

76 437 79 442 '
126 431 232 512 irmque
245 434 306 505 {elle
319 435 500 514 Iguvinorum
518 435 652 513 opt-inrum
672 453 741 514 erga
759 435 785 495 se
807 438 1000 504 voluntatems

127 512 280 570 Curionem
300 531 364 572 cum
385 528 429 574 ur
448 515 616 582 cohortibus,
638 534 706 594 quas
726 513 828 572 Pisauri
847 521 873 575 δι
887 517 997 576 Arimi·
1088 542 1099 550 ·

127 587 157 647 ni
181 589 312 658 habebat,
341 593 435 652 mittit.
477 593 563 670 Cujus
586 595 708 654 adventu
727 595 861 672 cognitos
890 593 1010 662 diffisus,

81 717 82 720 ,
125 669 269 747 municipii
282 671 417 730 voluntati
426 672 577 741 Thermus,
598 675 726 732 cohortes
739 691 775 730 ex
797 671 865 731 urbe
887 673 995 743 educit,

111 749 152 803 ,δι
164 747 306 828 profugit3
332 749 432 808 milites
454 750 482 807 in
499 751 596 810 itinere
609 751 645 810 ab
667 769 702 810 eo
714 750 865 819 discedunt,
886 767 919 808 ac
938 750 996 809 do-

124 835 204 882 murn
226 841 416 886 revertuntur:
438 828 534 896 curio,
556 831 682 904 omnium
705 827 812 888 summi
835 829 992 899 voluntate,

123 902 255 980 lguvium
278 905 384 983 recipit.
420 905 533 984 ‘Qibus
547 909 627 966 rebus
640 907 778 986 cognitiss
799 907 914 966 conlisus
927 927 994 966 mu-

122 981 289 1060 nicipiorum
306 984 491 1044 voluntatibus
513 987 614 1054 Casas,
637 988 765 1060 cohortes
788 985 904 1065 legionis
922 1005 991 1046 xnr

22 1121 23 1124 ,
122 1075 160 1118 ex
178 1061 285 1138 prmdiis
305 1063 425 1130 deducit,
456 1064 666 1144 Auximulnrque
685 1063 882 1142 proficisciturs
912 1065 994 1142 quod

122 1143 257 1236 oppidum
271 1141 373 1209 Attius,
393 1141 552 1202 cohortibus
565 1143 735 1211 introductis,
758 1142 890 1207 tenebats
910 1143 992 1202 dele-

122 1217 255 1295 dumque
278 1233 337 1278 toto
361 1220 471 1288 Piceno,
502 1221 685 1280 circummiffis
702 1221 880 1287 senatoribus,
901 1221 990 1280 habe-

122 1292 180 1353 bat.
222 1297 353 1358 Adventu
367 1297 481 1356 Caesaris
493 1301 615 1378 cognito,
637 1300 808 1358 Decurioncs
822 1298 937 1356 Auximi
952 1300 990 1359 ad

121 1374 232 1432 Attium
246 1377 353 1436 Varum
364 1375 522 1454 frequentes
541 1379 862 1444 conveniuntrdocent,
875 1381 923 1452 sui
933 1382 987 1455 ju-

117 1455 182 1512 dicii
189 1476 243 1512 rem
251 1478 298 1513 non
307 1458 460 1535 effiedneque
465 1457 495 1536 se
503 1479 578 1533 neque
583 1457 691 1554 ‘sliquos
700 1462 832 1532 municipes
838 1461 901 1532 pati
908 1457 985 1531 poffe,

119 1531 155 1588 C.
175 1532 304 1606 Caesarem
321 1539 499 1609 imperatorem
516 1532 576 1591 berre
595 1537 626 1590 dc
645 1533 741 1610 Repub.
756 1537 882 1598 neritum,
902 1537 987 1591 tantis

116 1605 190 1678 rebus
203 1611 292 1684 gestis,
312 1612 394 1684 oppido
413 1607 581 1684 moenibrisque
594 1610 743 1686 prohiberi:
767 1613 871 1684 proinde
889 1607 988 1669 babeat

116 1690 242 1742 rationem
260 1689 427 1762 posteritatis,
444 1683 481 1742 Β
498 1689 612 1760 periculi
623 1688 677 1761 sui.
717 1685 844 1818 &orum
858 1686 985 1745 oratione
1095 1690 1102 1700 '

117 1775 258 1838 permotus
272 1761 363 1818 Attius
380 1761 480 1828 Varus,
503 1761 657 1836 praesidium
682 1781 719 1837 qu
780 1759 983 1832 introduxerat,

116 1855 154 1898 ex
175 1838 280 1919 oppido
299 1837 400 1905 educit,
421 1843 447 1895 ἃ
459 1837 590 1916 profugit.
631 1838 717 1896 Hunc
738 1858 771 1897 ex
793 1840 885 1918 primo
908 1841 985 1900 ordi·
1028 1903 1031 1908 ,

115 1937 152 1977 ne
171 1917 254 1993 pauci
274 1915 388 1992 Cosanis
406 1914 544 1974 consecuti
566 1916 676 1984 milites,
697 1917 839 1977 confistere
858 1933 983 1997 cogunts

114 1993 313 2072 eommiffoque
332 1995 441 2074 proelio,
461 1993 627 2054 deseriturs
647 1995 699 2053 suis
713 1997 821 2054 Varus:
846 1998 982 2057 nonnulla

114 2093 178 2156 pars
208 2073 327 2152 militum
351 2075 466 2134 domurn
491 2073 623 2141 discedis
655 2073 756 2152 reliqui
779 2076 816 2134 ad
842 2074 981 2136 Caesurem

14 2158 16 2161 ’
116 2153 297 2233 perveniunt;
318 2168 401 2232 atque
415 2151 469 2212 unit
492 2172 555 2212 cum
568 2153 601 2212 iis
612 2144 796 2232 deprehensus
809 2153 844 2210 L.
857 2153 980 2232 Puppius

113 2231 246 2312 primipili
266 2235 390 2291 centurio
412 2232 567 2299 adducitur,
595 2234 645 2312 qui
665 2231 738 2289 hunc
763 2230 882 2289 eundern
903 2232 981 2290 ordi-

113 2312 220 2370 nemin
233 2313 356 2370 exercitu
377 2311 430 2370 Cn.
444 2311 570 2387 Pompeii
593 2326 675 2371 antea
695 2309 819 2366 duxerat.
860 2310 901 2366 At
914 2310 980 2368 Cae-

113 2391 156 2448 sar
169 2389 269 2447 milites
283 2391 411 2448 Attianos
424 2389 581 2453 collaudas»,
601 2388 719 2466 Pupium
731 2385 865 2450 dimittit,
885 2386 979 2444 Auxi-

112 2467 230 2526 matibus
244 2467 303 2544 agit
323 2467 437 2546 gratias,
456 2465 540 2542 sique
554 2483 650 2524 eorum
664 2465 728 2524 fatti
747 2481 901 2526 memorem
913 2463 977 2526 fore

111 2545 264 2625 pollicetur.

150 2623 217 2683 XII.
239 2620 345 2700 Qibus
358 2619 438 2680 rebus
456 2621 579 2678 Romam
590 2619 733 2688 nunciatis,
757 2633 848 2680 tantus
861 2620 976 2700 repent&

110 2711 198 2762 terror
219 2699 333 2764 invalits
359 2711 397 2766 ut,
423 2717 509 2776 quum
521 2699 655 2757 Lentulus
675 2697 769 2756 consul
793 2699 829 2758 ad
850 2699 977 2778 aperien-

110 2781 177 2838 dum
203 2776 329 2836 aerarium
351 2776 472 2844 venillet,
500 2775 536 2836 ad
558 2777 705 2856 pecuniam
728 2777 862 2856 Pompeio
887 2797 922 2836 ex
944 2779 975 2838 S.

110 2860 145 2916 C.
159 2855 374 2936 proferendams
393 2855 527 2933 protinus,
551 2868 647 2934 aperto
660 2849 792 2918 sandiore
806 2856 912 2924 aerario,
938 2875 976 2916 ex

110 2936 178 2996 urbe
199 2935 380 3014 profugeret:
416 2933 508 3008 Caelar
525 2933 600 2995 enim
624 2933 782 3002 adventare,
799 2933 992 3011 jamjamque,

14 3011 15 3016 '
106 3015 196 3074 adesse
217 3014 274 3088 ejus
292 3012 397 3090 epruites
410 3011 481 3070 falso
500 3011 708 3075 nunciabantur.
740 3008 826 3070 Hunc
849 3012 975 3071 Marcel·

107 3095 149 3152 lus
181 3083 297 3168 collem,
329 3096 354 3148 δι
378 3087 504 3168 plerique
531 3089 701 3170 magistratus
729 3087 868 3148 consecuti
901 3087 972 3148 sunt.

109 3173 161 3230 Cn.
176 3169 323 3244 Pompeius
344 3169 431 3244 pridie
454 3169 512 3249 ejus
527 3165 582 3226 diei
605 3188 640 3226 ex
653 3167 720 3226 urbe
743 3165 895 3244 profectus,
919 3167 974 3226 iter

103 3251 143 3308 ad
154 3247 275 3325 legiones
295 3243 426 3315 habebat,
452 3267 520 3324 quas
540 3245 556 3303 i
578 3245 686 3305 Caesare
703 3261 829 3322 acceptas
846 3245 876 3303 in
891 3245 972 3322 Apu·

103 3327 144 3389 lit
159 3327 347 3404 hibernorum
365 3324 641 3406 ousdsposuerus
673 3321 805 3386 Ducum
827 3321 969 3460 intribun-

486 3409 494 3428 '
640 3441 643 3448 ·
926 3419 972 3464 em
