2290 3762
53 47 66 74 s

15 89 44 154 3!

127 139 213 235 '158·
257 167 260 176 ⁷
302 137 344 210 C.
381 135 546 228 Junrr
583 137 853 214 Canania
938 101 945 110 .

128 273 163 330 ad
186 267 355 344 eruptionem
377 282 527 345 preparata
544 281 629 338 erant,
650 269 800 347 proferunt,
820 272 923 346 priores
943 274 998 354 fos·

128 349 167 406 sas
187 345 309 422 explent;
330 344 429 400 diutius
452 345 480 402 in
501 346 533 402 iis
555 347 634 403 rebus
651 348 862 406 administrandis
882 355 996 419 morati,

115 423 203 502 ιΡήίιε
230 422 289 478 suos
314 419 447 478 disceffisse
472 439 669 497 cognoverunt,
695 421 781 498 quim
801 425 996 485 munitionibus

127 500 386 577 appropinquarent.
425 495 476 565 lta,
496 517 526 555 re
544 498 652 567 inferta,
673 499 701 555 in
721 500 856 575 oppidum
875 517 995 562 reverte·

126 590 301 710 riuiiilXVl.
320 649 363 706 Bis
384 665 487 726 magno
513 623 577 707 cum
599 649 762 710 detrimento
783 655 881 729 repulli
903 657 992 728 Galli,

22 763 28 772 ·
126 730 192 808 quid
212 740 302 804 agant,
328 725 484 784 consulunt:
514 725 637 785 locorum
657 728 757 806 peritos
776 731 921 792 adhibent:
955 737 993 795 ab

11 839 15 844 ·
125 805 169 864 his
194 803 360 882 superiorum
386 804 532 860 castrorum
557 803 619 860 situs
645 805 862 882 munitionisque
886 829 993 888 cogno.

123 881 208 941 lcunt.
247 877 311 936 Erat
323 877 339 935 ai
350 879 592 956 Septemtrionibus
605 879 696 946 collis;
715 899 797 958 quern
811 884 884 960 quia,
904 907 991 966 prop.

123 972 166 1016 ter
192 954 409 1034 magnitudinem
439 955 575 1024 circuitus,
607 974 691 1028 opere
720 959 901 1036 circumplecti
931 983 989 1026 non
1050 988 1054 992 ·

123 1045 278 1111 potuerant,
298 1033 388 1099 nollri,
407 1028 550 1088 necellarid
570 1029 647 1110 peni,
666 1032 761 1110 iniquo
779 1034 842 1094 loco
855 1039 990 1101 &leniter

122 1111 221 1170 declivi
234 1109 317 1166 callra
333 1107 468 1165 fecerunt:
498 1109 556 1166 haec
571 1110 605 1166 C.
619 1109 746 1166 Antistius
761 1111 890 1188 Reginus,
911 1122 937 1174 tr
950 1121 989 1178 C.

120 1185 251 1246 Caninius
264 1183 383 1253 Rebilus,
404 1183 495 1260 legati,
516 1203 578 1242 cum
597 1203 626 1241 rr
645 1185 796 1262 legionibus
817 1189 987 1253 obtinebant.

109 1262 244 1340 xCognitis
271 1281 319 1340 per
344 1261 527 1351 exploratores
554 1261 728 1337 regionibusr
760 1263 843 1324 duces
870 1268 988 1331 hostium

105 1358 162 1399 av
185 1338 268 1398 millia
290 1357 323 1396 ex
344 1357 420 1396 omns
443 1343 556 1394 numero
578 1338 702 1416 deligunt
719 1356 813 1398 earum
830 1342 983 1416 civitatum,

118 1437 180 1494 quae
192 1417 339 1475 maximam
351 1415 456 1472 virtutis
469 1416 627 1490 opinionem
641 1415 792 1474 habebant:
817 1419 894 1495 quid,
914 1425 985 1500 quo.

112 1491 171 1571 'que
185 1495 275 1568 patto,
293 1493 339 1569 agi
353 1491 473 1566 placeatr
493 1488 599 1548 occulte
614 1491 683 1548 inter
695 1491 721 1550 se
735 1494 911 1555 constituunt:
932 1501 983 1560 ad·

114 1569 200 1628 eundi
225 1580 330 1642 tempus
356 1565 495 1632 definiunt,
520 1585 606 1643 quum
632 1569 757 1627 meridies
777 1571 828 1626 else
847 1574 980 1638 videatur.

51 1703 56 1712 ,
114 1647 153 1705 Iis
174 1645 259 1722 copiis
273 1643 505 1720 Vergasrllannnm
530 1642 694 1711 Arvernum,
714 1663 797 1703 nnurn
817 1666 851 1705 ex
872 1667 909 1707 rr
928 1653 980 1710 du-

114 1723 200 1786 cibus,
218 1723 401 1809 propinquum
415 1719 657 1795 Vercingetorigis,
677 1721 834 1796 praeficiuut.
875 1726 925 1785 Ille
945 1747 982 1788 ex

115 1799 202 1857 castris
216 1797 305 1874 primi
318 1793 413 1872 vigilii
435 1795 559 1872 egrellne,
580 1793 666 1872 propi
687 1797 811 1856 conferto
830 1799 876 1860 sub
889 1803 979 1864 lucem
1061 1859 1079 1880 ,

113 1876 221 1943 itinere,
240 1875 299 1949 post
318 1885 441 1932 montem
460 1871 486 1929 se
505 1871 671 1939 occultauitr
688 1873 838 1952 militesque
860 1897 894 1936 ex
912 1901 980 1941 noc.

113 1965 195 2009 turno
219 1949 311 2008 labore
337 1947 390 2007 sese
413 1946 522 2006 relicere
538 1946 616 2024 junia
656 1951 747 2028 Qum
771 1950 829 2026 jam
851 1957 977 2016 meridies

110 2027 329 2106 appropinquare
347 2025 498 2091 videretur3
523 2025 557 2082 ad
579 2045 612 2082 ea
629 2029 720 2095 castra,
748 2047 808 2103 quae
825 2029 906 2108 supra
927 2035 977 2092 de.
996 2025 999 2032 ’

109 2105 323 2173 monstravimus,
343 2102 495 2162 contendit:
526 2101 680 2178 eodemque
701 2117 823 2180 tempore
842 2111 976 2185 equitatus

107 2183 143 2240 ad
156 2181 314 2258 campestres
326 2180 488 2240 munitiones
499 2179 639 2247 accedere,
659 2185 685 2238 δι
696 2179 806 2257 reliqna
823 2186 908 2260 copias
921 2185 975 2246 sele

107 2279 159 2337 pro
172 2259 258 2317 callris
272 2257 410 2318 ostendere
422 2271 571 2337 coeperunt.
659 2231 711 2322 sb

145 2335 292 2404 LXXVII.
314 2333 521 2409 Vercingetorix
534 2351 567 2390 ex
579 2351 641 2392 arce
654 2331 751 2390 Aleliae
763 2330 821 2390 suos
833 2333 972 2411 conspica-

106 2424 156 2482 tus,
178 2431 211 2469 ex
224 2410 327 2487 oppido
340 2410 476 2487 egreditur
481 2430 491 2473 ;
510 2427 542 2466 ac
554 2423 650 2476 crates,
666 2407 814 2486 longurios,
827 2409 970 2484 musculos,

104 2489 186 2549 falces
197 2486 365 2564 reliquaque,
379 2503 440 2562 quae
448 2485 595 2560 eruptionis
607 2484 687 2543 causti
699 2499 850 2562 paraverat,
858 2487 972 2563 profert.

102 2566 242 2643 Pugnatur
255 2581 309 2620 uno
322 2573 443 2635 tempore
455 2557 578 2628 omnibus
592 2561 656 2618 locis
669 2584 678 2627 ;
696 2574 778 2639 atque
799 2564 892 2622 omnia
911 2579 971 2625 ten·
1015 2589 1021 2600 ·

102 2657 201 2702 tantur.
230 2638 299 2712 Qae
310 2633 424 2692 minime
437 2653 498 2710 pars
511 2634 589 2693 firma
599 2637 653 2694 visa
665 2636 710 2704 ett,
723 2639 777 2697 huc
790 2643 969 2704 concurritur.

99 2721 289 2778 Romanorum
313 2729 408 2768 manus
427 2712 507 2768 tantis
529 2710 719 2772 munitionibus
732 2715 887 2782 distineturr
916 2737 968 2779 nee

99 2798 179 2855 facile
192 2789 312 2870 pluribus
325 2787 391 2845 locis
405 2787 528 2846 occurrit.
568 2789 689 2848 Murrum
708 2791 744 2850 ad
765 2793 903 2852 terrendos
916 2813 967 2854 no·-

98 2875 163 2931 stros
177 2867 263 2928 valuit
275 2866 387 2932 clamor,
406 2863 453 2941 qui
466 2864 523 2940 poll
537 2878 644 2942 tergum
656 2866 836 2943 pugnantibus
849 2869 962 2932 exstitite

98 2948 174 3026 quod
186 2947 262 3003 suum
276 2941 423 3021 periculum
436 2942 465 2998 in
478 2940 566 3000 aliena
579 2943 675 3000 uident
689 2944 787 3002 virtute
806 2945 964 3003 conarere:

97 3025 190 3083 ornnia
204 3021 276 3079 enirn
287 3019 456 3098 plerumque,
475 3036 535 3096 quae
548 3016 653 3087 absunt,
674 3019 862 3078 vehementius
876 3022 964 3080 lromi·

95 3119 162 3159 num
176 3110 279 3160 mentes
291 3095 461 3173 perturbant.

133 3161 297 3235 LXXVlsI.
319 3171 406 3230 Caesar
427 3171 556 3230 idoneum
576 3170 667 3230 locum
681 3172 782 3239 natiue,
804 3171 871 3248 quid
888 3173 963 3250 'quai-

92 3259 147 3330 que
168 3253 198 3312 in
217 3259 295 3328 parte
316 3260 434 3328 geratur,
454 3247 609 3328 cognoscite
628 3247 811 3310 laborantibus
821 3249 962 3382 ὦζκὶζωρι
1021 3323 1024 3331 .

868 3335 956 3386 ωιτη.
