2300 3772
155 155 227 228 soi
308 147 882 246 ’C.Jus'1t.Cisssn1s

155 279 320 357 consumptis
346 281 477 340 'omnibus
504 283 572 351 telis,
603 280 699 360 gladiis
725 271 858 352 diutinis,
891 281 1033 358 impetum

156 357 284 416 adversius
296 372 419 416 montem
432 360 460 416 in
474 359 597 417 cohortes
611 361 730 423 sariuntr
750 357 896 434 paucisque
909 359 1034 434 dejeiiis‚

156 423 275 512 reliquiis
293 432 346 493 sese
365 449 523 494 convertere
536 451 648 514 cogunt.
688 435 832 514 Summotis
850 435 897 494 sub
916 453 1034 494 murum

156 510 323 578 cohortibus,
343 529 376 569 ac
389 513 520 570 nonnulli
533 527 610 590 parte
624 525 734 590 propter
747 524 878 569 terrorem
897 511 925 568 iu
946 513 1035 587 oppi-

155 587 225 644 dum
238 587 397 664 compulsus
416 588 500 646 facilis
513 591 549 647 esi
568 591 661 647 nostris
681 593 802 664 receptus
814 587 901 646 datus.
939 585 1033 664 Equi-

158 675 227 722 ratus
247 677 339 724 autem
365 665 453 723 nosier
472 666 507 722 ab
527 677 643 742 utroque
662 665 754 733 latere,
780 665 827 721 etsi
849 663 958 738 dejudiis
978 676 1032 722 aut

155 739 329 800 inferioribus
348 740 414 800 locis
434 743 594 808 constiterat,
619 756 709 800 tamen
727 743 757 799 in
775 739 909 798 summum
925 737 1044 816 jugum„

157 817 256 876 virtute
275 817 440 883 connititurr
467 832 549 896 atque
568 821 637 877 inter
655 820 721 877 duas
746 819 814 876 acies
842 817 1029 894 perequitans,

155 893 378 952 „commodiorem
404 913 436 953 ac
463 899 588 956 tutiorem
614 897 705 954 nosris
725 907 863 972 receptum
883 894 938 952 dat.
980 892 1029 951 Ita

156 972 232 1029 vario
252 970 401 1028 certamine
419 985 571 1048 pugnatum
591 973 636 1031 eli.
675 970 768 1029 Nostri
797 975 825 1029 in
852 971 941 1046 primo
960 989 1029 1028 con-

156 1049 245 1123 gressu
264 1047 370 1104 circiter
391 1067 460 1104 nxx
482 1051 654 1113 cecideruntr
675 1051 703 1106 iu
723 1047 763 1105 his
782 1045 970 1124 QFulginius
991 1064 1028 1108 en
1078 1103 1083 1110 ,

157 1125 248 1199 primo
266 1124 368 1180 hastato
387 1124 501 1202 legionis
522 1144 595 1194 xiv,
616 1126 673 1203 qui,
694 1137 804 1202 propter
822 1124 950 1181 eximiam
969 1122 1029 1180 vir·

156 1213 255 1267 cuturn,
283 1219 317 1258 ex
333 1198 502 1261 inferioribus
519 1199 661 1262 'ordinibus
680 1203 708 1258 in
729 1220 791 1260 eum
810 1201 902 1258 locum
929 1217 1027 1275 perve-

157 1291 251 1334 nerat:
270 1277 443 1336 vulnerantur
457 1281 570 1356 ampliss
584 1297 633 1337 nc.
652 1284 656 1356 ζ
670 1278 713 1336 Ex
727 1277 879 1334 Afranianis
898 1273 1027 1333 interfici-

155 1365 205 1424 tur
217 1353 256 1410 Τ.
269 1353 400 1424 Caecilius,
420 1357 549 1433 primipili
562 1356 699 1421 centurior
718 1361 752 1424 dc,
765 1367 863 1432 praeter
875 1371 946 1422 eum,
961 1371 1026 1410 cen·

156 1429 277 1487 curiones
294 1451 344 1496 rvr
364 1433 472 1500 milites,
494 1433 607 1510 amplius
622 1449 665 1489 cc.

195 1505 288 1565 XLV.
310 1507 362 1564 Sed
379 1508 439 1566 haec
457 1507 512 1582 ejus
529 1511 583 1567 diei
603 1507 742 1584 praesertur
753 1507 855 1582 opinio,
876 1519 906 1563 ut
919 1504 944 1562 se
958 1506 1026 1564 utri·

157 1600 212 1658 qua
231 1583 376 1658 superiores
394 1583 529 1642 disceffisse
548 1586 739 1643 existimarent:
760 1581 917 1644 Afraniani;
938 1580 1024 1657 quaid,

158 1677 242 1734 quum
257 1659 309 1716 esse
321 1662 443 1717 omnium
453 1659 555 1734 judicio
567 1661 705 1716 inferiores
719 1658 885 1724 viderentur,
899 1658 1024 1714 cominus

156 1746 249 1792 tamen
266 1736 313 1792 diu
325 1737 458 1802 stetissent,-
478 1741 504 1792 dc
516 1737 665 1792 nostrorum
684 1735 818 1810 impeturn
837 1731 1021 1802 sustinuissent,

159 1809 280 1870 &initio
301 1812 391 1868 locum
410 1811 596 1888 tumulimque
612 1809 761 1877 tenuissent,
782 1829 844 1887 quar
857 1809 934 1866 causa
953 1829 1024 1886 pug.

147 1886 241 1946 nandi
261 1886 357 1954 suerat,
384 1885 528 1945 &nostros
547 1890 635 1963 primo
654 1886 794 1964 congressu
821 1900 897 1962 terga
916 1900 1022 1945 vertere

157 1961 318 2036 coligisient:
334 1963 414 2021 nostri
426 1975 534 2030 autemr
548 1963 622 2042 quaid
635 1964 730 2041 iniquo
742 1962 814 2030 loco,
828 1976 911 2039 atque
924 1962 1022 2040 impari

155 2041 285 2114 congress
304 2059 430 2108 numero,
459 2041 568 2099 viroris
590 2042 715 2120 proelium
734 2038 923 2104 sulinuiffents
947 2037 1022 2116 quod
1141 2080 1143 2091 .

155 2129 278 2176 montem
297 2117 393 2194 gladiis
410 2118 530 2177 disimilis
549 2118 721 2180 ascendissent
727 2141 736 2182 ;
756 2115 830 2194 quod
849 2135 882 2172 ex
900 2115 961 2174 loco
980 2115 1019 2174 s·
1094 2169 1098 2172 .

155 2194 261 2270 peu'ore
280 2209 354 2272 terga
367 2209 471 2254 vertere
484 2195 645 2254 adversarios
659 2195 813 2272 coiigilsent,
835 2208 917 2268 atque
930 2193 958 2250 iar
972 2212 1021 2270 op-

155 2272 252 2348 pidum
265 2271 460 2348 compulissent.
493 2271 538 2330 Illi
552 2292 615 2332 eum
629 2273 771 2338 tumulum,
786 2288 836 2346 pro
849 2287 904 2344 quo
916 2287 1020 2346 pugna·

113 2371 114 2374 ,
156 2363 216 2480 turp
230 2347 276 2416 est,
294 2351 402 2450 magnis
420 2349 544 2426 operibus
564 2351 737 2412 munieruntr
758 2343 964 2430 prmsdismque
982 2346 1019 2405 ibi

176 2437 308 2482 ouerunt.
354 2457 370 2467 =

155 2443 174 2502 P
192 2499 299 2559 XLVI.
313 2449 421 2560 Aeoliis
430 2503 513 2562 eriam
523 2501 696 2580 repentinum
709 2501 914 2560 incommodum
926 2499 1019 2570 biduo,

153 2597 210 2656 quo
229 2579 287 2634 liaec
306 2579 377 2654 gella
396 2577 470 2634 sunt:
496 2591 572 2635 tanta
591 2579 665 2636 enim
685 2582 822 2654 tempesias
841 2576 968 2645 couritur,
991 2590 1018 2638 ut

155 2673 307 2730 numquam
325 2654 377 2711 illis
396 2653 461 2712 locis
479 2653 593 2728 majores
612 2673 695 2732 aquas
708 2655 782 2712 fuisse
796 2655 941 2720 constaretr
961 2669 1017 2712 turn

153 2743 246 2790 nutem
272 2747 305 2786 ex
324 2730 448 2787 omnibus
467 2731 604 2788 montibus
624 2734 698 2788 nives
718 2731 828 2808 proluit,
855 2749 888 2788 ac
906 2729 1017 2790 summas

153 2809 224 2885 ripas
243 2805 359 2864 fluminis
378 2806 510 2884 superavit
517 2831 527 2874 ς
547 2804 696 2885 pontc'sque
715 2809 819 2879 ambos,
840 2827 907 2884 quos
922 2809 955 2865 C.
969 2807 1019 2866 Fa·

117 2940 120 2948 ,
154 2883 212 2942 bins
227 2882 335 2951 fecerat,
356 2902 410 2941 uno
423 2882 468 2940 die
481 2883 631 2960 interrupit.
670 2887 739 2960 Qae
759 2902 801 2942 res
819 2901 931 2958 magnas
949 2882 1016 2940 diffi-

151 2959 264 3022 cultates
284 2961 411 3018 exercitiis
430 2959 541 3016 Caesaris
560 2959 663 3016 attulit:
685 2961 768 3018 casira
788 2963 872 3028 enim,
892 2975 921 3016 ut
940 2959 1015 3034 suprd

152 3035 363 3093 demonstratum
377 3037 421 3103 est,
442 3055 526 3114 quum
545 3037 628 3094 essent
648 3037 716 3094 inter
735 3037 847 3094 flumina
859 3035 924 3102 duo,
943 3035 1015 3096 Sino·

151 3111 202 3168 rim
225 3115 249 3166 dr
268 3110 394 3188 Cingam,
416 3113 501 3190 spatio
520 3113 634 3172 millium
658 3131 749 3179 xxx3
774 3127 899 3168 neutrum
919 3111 1015 3172 horum

149 3187 253 3247 transiri
274 3205 396 3262 poteram
416 3190 619 3270 necessariique
635 3209 728 3248 omues
747 3191 788 3247 his
808 3187 1013 3268 angustiiscom
1039 3193 1043 3200 ’

151 3263 322 3328 susurrus:
348 3283 437 3344 seque
456 3265 585 3341 civitates,
607 3285 667 3344 quae
686 3267 722 3340 ad
740 3267 850 3340 Caesaris
870 3265 1014 3403 amiciri?

157 3381 181 3397 ·.
615 3367 619 3373 '
905 3356 969 3402 &ssi
989 3355 1016 3400 d·
