2290 3762
210 228 262 301 nn
289 229 428 318 Burro
454 226 654 301 Germe·
679 227 775 302 Lrn.
802 223 851 302 V.
930 245 979 322 91·

112 355 343 418 'eommemorantz
364 360 469 420 Omnem
488 363 536 440 effe
556 365 673 419 inarmis
687 359 820 420 Gallium:
842 361 981 417 Germanos

113 433 231 494 Rhenum
243 441 379 514 transiffc:
402 441 529 509 Caesarir,
545 435 751 518 reliquorumque,
761 435 871 511 hyberum
891 447 981 510 oppug·

69 519 71 524 '
111 517 183 570 nori.
223 511 335 573 Addunt
365 513 446 571 etiam
474 514 509 571 de
537 513 628 570 Sabini
653 526 750 571 morte.
789 513 979 587 Ambiorigem

111 589 256 656 ostentant,
276 589 339 646 fidei
360 589 493 648 faciundae
519 589 608 648 cauti.
650 591 752 648 Eurum
778 611 813 647 ros
834 589 936 656 dicunt,
953 587 982 657 fi

55 680 58 684 ’
113 665 247 740 quidquam
257 664 292 722 nb
304 672 336 723 iis
345 667 459 745 praestdc'i
460 673 571 744 sperent,
585 667 690 744 quisuis
702 665 772 723 rebus
785 666 899 743 diffidam
911 686 920 721 .·
932 664 984 736 sc

105 744 235 814 J'etnmen
243 741 289 798 hoe
300 747 346 820 effe
354 747 381 800 iu
398 747 539 802 Ciceronem
548 739 708 819 populumque
719 745 754 800 R.
767 752 859 814 animo,
870 757 899 800 ur
913 737 984 798 nihii

112 819 163 893 nist
171 817 283 894 hyberna
297 823 418 893 recusent,
431 819 581 897 atquehanc
589 822 776 893 inveterascere
787 819 981 894 cousuetudinem

113 895 211 950 nolint:
230 895 304 952 licere
317 895 370 953 illis
389 893 547 954 incolumibus
558 908 605 970 per
617 899 649 970 sc
669 919 703 954 cx
715 895 829 971 hybernis
840 894 979 967 discederet

113 965 157 1037 &,
178 975 207 1026 in
217 974 378 1050 quoscumque
389 987 477 1046 portes
489 969 643 1047 velinr,fini
655 987 721 1030 metu
729 973 861 1048 proficisci.
901 967 981 1026 Cice·
1014 1035 1016 1040 y

22 1089 23 1110 2
113 1064 145 1102 ro
159 1045 196 1102 ad
209 1047 267 1102 haec
282 1066 363 1105 unum
377 1046 460 1108 modo
473 1047 623 1122 respondit:
646 1050 703 1104 Non
719 1050 767 1124 ff
787 1047 982 1122 conficerudinem

109 1124 198 1197 populi
211 1123 284 1180 Rom.
303 1131 412 1201 occipere
419 1123 454 1182 ab
466 1127 533 1200 hoste
542 1139 644 1181 armato
652 1127 818 1182 conditionem.
840 1125 870 1179 sc·
881 1119 916 1177 ab
933 1142 979 1177 ur·

115 1203 162 1254 mis
173 1199 294 1272 deseruere
305 1200 406 1265 uelint3
420 1203 451 1274 sc
463 1203 577 1278 adurere
585 1215 703 1268 utantur,
714 1200 857 1277 legatisque
869 1199 907 1254 ud
918 1195 980 1252 Cae-

109 1277 199 1350 sarem
211 1280 335 1354 mittunt:
343 1280 452 1354 sperare
456 1283 496 1352 se,
510 1291 557 1354 pro
570 1279 744 1354 ejurjustitid,
773 1299 829 1354 quae
849 1278 980 1350 petierint,

112 1353 303 1428 impetraturos.
983 1389 984 1392 =

154 1425 298 1484 XXXIV.'
309 1426 355 1486 Ab
368 1427 420 1487 heic
434 1426 478 1506 spe
492 1427 589 1506 repulsi
602 1427 710 1497 Nervii,
731 1427 804 1486 vallo
817 1424 919 1503 pedum
936 1439 982 1491 rr,

117 1507 143 1561 de
156 1501 225 1562 forst
245 1505 346 1581 pedum
361 1525 414 1574 xv,
435 1505 558 1582 hyberna
578 1506 699 1582 cingunt.
738 1504 847 1562 Here&
866 1499 989 1578 superio·

117 1599 179 1639 rum
201 1599 333 1641 annorum
355 1581 556 1653 consuetudine,
577 1580 595 1640 d
616 1581 709 1640 nostris
725 1592 927 1658 cognoverant3
958 1580 990 1634 de

117 1655 248 1734 quosdam
261 1661 296 1716 de
318 1663 438 1720 exercitu
457 1659 529 1718 nani
550 1660 682 1738 captivos,
701 1659 737 1716 ab
751 1661 793 1716 hie
806 1656 984 1716 docebuntur.

117 1734 171 1790 Sed
193 1736 265 1793 nulla
284 1737 323 1794 his
337 1735 563 1798 ferramentorum
586 1738 677 1814 copia,
697 1735 758 1812 q'uae
781 1735 843 1792 eiset
856 1734 890 1794 ad
911 1733 984 1790 hune

118 1809 196 1868 usum
222 1813 335 1878 idonea;
361 1815 455 1891 gladiis
475 1815 602 1892 cespitem
620 1813 831 1878 circumciderer
850 1807 985 1876 manibus,

117 1885 387 1966 iugulisqumterram
398 1891 537 1950 exhaurire
549 1892 723 1968 cogebantur.
743 1889 807 1968 Qui
820 1889 931 1966 quidem
950 1901 985 1942 ex

117 1981 157 2031 re,
177 1965 319 2022 hominum
334 1967 476 2028 multitudo
487 1967 614 2042 vcognosci
627 1969 734 2042 potuit:
754 1985 817 2024 nam
830 1967 917 2023 minus
933 1961 984 2019 ho-

117 2041 261 2108 tionibus,
282 2039 395 2097 millium
417 2041 536 2116 paffuurn
559 2061 600 2098 xv
623 2044 782 2099 incircuitu
804 2041 984 2099 monitionem

118 2113 299 2192 perfoderunt.
339 2115 513 2192 Reliqoiique
539 2116 642 2182 diebus,
663 2128 747 2172 turres
766 2120 798 2174 ad
813 2117 985 2174 altitudinem

119 2191 202 2255 vuilit
223 2188 304 2250 falces
319 2189 523 2266 testudinesque,
544 2208 610 2266 quas
622 2191 704 2248 iidem
718 2195 818 2268 captivi
829 2192 991 2256 docuerantr

119 2281 214 2346 parare
228 2287 259 2325 ac
272 2267 361 2326 fecere
374 2280 523 2346 coeperunt.

157 2345 276 2404 XXXV.
301 2346 420 2423 Septimo
444 2345 653 2424 oppugnationis
676 2344 729 2413 die,
749 2343 869 2402 maximo
891 2353 988 2402 coorto

120 2435 220 2488 vent03
238 2423 371 2480 ferventes
397 2422 466 2481 suiili
493 2443 527 2481 ex
554 2421 650 2500 argillei
671 2422 791 2499 glandes,
824 2421 930 2484 sundisr
962 2426 987 2479 δι

119 2499 266 2558 fervefadia
283 2498 389 2573 jaculat
424 2499 547 2571 incusas,
567 2519 629 2577 quae
642 2519 718 2557 more
730 2497 840 2557 Gallico
858 2500 987 2557 stramen·

121 2577 155 2633 tis
180 2589 257 2633 erant
280 2578 367 2642 teitae,
382 2576 636 2656 jacerecoeperunt.
676 2576 730 2634 Hae
754 2577 875 2636 celeriter
894 2577 987 2652 ignem

121 2652 403 2728 comprehenderunrr
434 2658 468 2722 Se,
498 2655 572 2713 venti
597 2653 784 2731 magnitudine
812 2655 842 2712 in
875 2671 986 2714 omnem

120 2729 266 2788 castrorum
292 2731 334 2786 loc
406 2731 570 2792 distulerunt.
611 2731 715 2800 Hostes,
736 2733 855 2792 maximo
867 2732 989 2790 clamore

120 2805 239 2874 insecuti,
260 2807 333 2884 quast
379 2843 380 2846 =
407 2806 497 2883 ijam
520 2823 602 2886 atque
626 2807 765 2885 explorati
779 2809 910 2873 vitioriiu
931 2821 985 2864 tur·

120 2901 163 2941 ree
191 2882 384 2960 testudinesque
410 2903 501 2962 agere,
543 2891 568 2943 dc
605 2883 678 2943 scalis
711 2883 812 2942 voilum
844 2883 987 2942 ascendere

121 2975 271 3036 coeperunt.
311 2960 350 3017 At
364 2973 438 3018 tonte
451 2961 569 3020 rnilitum
587 2963 680 3030 virtus,
701 2973 782 3036 atque
803 2978 836 3016 en
848 2959 987 3038 presentia

121 3039 204 3094 animi
218 3037 284 3102 fuit3
306 3049 344 3104 ut,
364 3055 448 3114 quum
470 3039 589 3115 undique
603 3037 714 3096 flammi
737 3051 908 3106 torrerentur,
928 3055 988 3096 ma·

121 3113 249 3190 nimique
263 3113 377 3172 telorum
390 3113 560 3174 multitudine
581 3125 776 3190 premerentur,
804 3109 904 3191 suique
927 3132 987 3172 om·

122 3191 167 3246 niet
181 3191 378 3267 impedimenta
402 3203 483 3266 atque
507 3211 601 3250 omnes
622 3191 741 3246 fortunat
767 3190 933 3267 conflagrare
945 3190 988 3245 in-

123 3266 291 3342 telligerentr
311 3287 366 3326 non
389 3267 473 3326 modd
496 3265 668 3343 demigrandi
694 3261 774 3324 c'ausi
797 3266 833 3325 de
846 3266 917 3324 vallo
938 3265 989 3322 de·
1087 3305 1089 3310 .

121 3341 230 3420 eederet
247 3362 340 3426 omno,
359 3344 402 3407 sed
416 3343 489 3426 pene
502 3363 539 3408 ne
551 3343 695 3420 respiceret
706 3343 816 3421 quidem
828 3341 989 3472 quisquang
