2274 3768
29 3081 37 3156 l

30 3159 32 3177 .

31 3233 34 3286 i

152 119 220 192 ιώ
304 121 552 217 0.]υιη
591 120 861 196 Cmsnnrr

147 247 203 324 ejus
228 250 316 312 reditu
341 252 415 312 fama
434 253 613 321 afferebaturt
637 251 725 321 famul,
752 269 847 310 eorum
867 263 1007 330 pennotus

148 327 267 398 vocibus,
287 329 341 405 ‚qui
359 329 429 388 illiue
448 332 607 408 patientiam
625 327 696 408 peni
716 328 887 388 obseffiouem
910 329 1006 407 appel-

148 400 249 473 labant,
275 403 405 482 siquidem
424 425 458 465 ex
474 408 564 467 eastris
575 407 675 485 egredi
694 423 750 464 non
768 406 874 464 limet:
902 407 1008 464 nullum
1104 459 1105 466 .

148 479 297 554 hujusmodi
315 480 405 542 casum
424 483 585 562 exspectans,
632 503 667 542 uo
688 501 725 542 rx
744 482 872 560 oppofitia
893 481 1008 616 lepioni·
1105 545 1106 548 Ἴ

148 555 200 615 but
232 559 408 639 maximique
439 563 570 638 equitatu,
603 504 722 637 dspcrfis
746 579 778 618 ac
810 557 880 636 peni:
933 559 1008 616 cletis

148 631 276 704 lrollibut,
308 637 338 694 in
363 636 480 696 nullibus
505 637 626 716 paliurum
653 655 694 693 ιιι
724 636 825 695 offendi
851 635 952 713 pollet'a
987 655 1007 692 v
1107 707 1108 718 ἵ

149 709 272 769 cohortes
297 713 492 774 frumentatum
516 716 545 773 in
564 714 700 792 proximas
718 710 818 789 segetes
836 713 916 782 milit,
942 731 1010 789 quas
1108 777 1109 780 Ἴ

149 786 220 844 inter
238 791 363 848 &calita
383 811 450 850 uuus
462 791 574 852 omnino
586 792 661 850 collis
674 792 809 848 intererat.
827 827 829 834 .
846 789 1010 867 Complureu
1106 783 1109 812 ‘

149 876 227 922 erant
251 865 280 922 in
304 867 392 926 callris
413 887 448 926 ex
465 867 615 947 legionibus
634 869 700 945 aegri
718 867 816 925 relidi:
844 885 881 924 ex
902 863 1012 944 quibua,
1103 886 1111 910 ·÷

151 941 199 1018 qui
226 940 280 1001 hoc
302 941 388 1020 spatio
406 945 511 1005 dierum
530 943 730 1013 convaluerant,
756 944 861 1003 circiter
880 959 936 1000 ecc
963 941 1012 1000 sub
1111 990 1112 996 ,

151 1017 252 1077 vexillo
284 1020 339 1078 uni
370 1022 521 1080 mittuntur.
566 1022 672 1100 Magna
703 1033 835 1099 praterea
866 1017 1012 1078 multitudo
1075 1053 1078 1060 ·

150 1092 286 1166 calonum,
312 1100 470 1176 magnario
493 1099 685 1172 jumentorum,
711 1116 772 1175 quae
790 1098 821 1156 in
838 1097 928 1154 castris
952 1095 1011 1156 sub·

100 1203 102 1207 -
151 1169 264 1238 ruerat,
286 1171 358 1232 fana
409 1175 500 1234 noan
521 1177 637 1253 equitur.
798 1157 902 1310 m]
1113 1229 1114 1232 .

155 1323 162 1338 Ι
191 1247 326 1309 XXXIV.
352 1194 418 1310 ilde
436 1253 494 1330 ipso
511 1267 646 1331 tempore,
671 1249 733 1310 calu
752 1249 797 1310 Ge
877 1272 887 1309 r
910 1249 1012 1328 equitet
1114 1287 1115 1290 =

152 1329 352 1393 mterveniunt3
383 1327 555 1407 protimilque
580 1331 679 1388 eodem
704 1327 761 1398 illo,
787 1343 844 1406 quo
869 1341 1011 1396 venerant,
1115 1337 1116 1340 ’

151 1401 228 1461 cursu
247 1403 282 1462 ab
295 1403 455 1465 Decumanai
472 1407 552 1484 porti
571 1409 599 1466 in
611 1407 695 1464 castra
706 1406 854 1484 irrumpere
866 1419 1012 1463 conantur:

35 1531 37 1534 .
153 1497 205 1537 nec
222 1479 298 1569 pride
317 1482 376 1540 sunt
394 1484 452 1552 vili,
478 1483 588 1560 objectis
608 1483 643 1541 ab
662 1482 696 1540 eal
714 1497 791 1560 parte
810 1481 900 1556 sylvia,
930 1478 1013 1560 quint
1117 1509 1118 1568 3

153 1555 242 1614 callers
261 1559 509 1636 appropinquarent
527 1559 610 1636 usque
622 1558 666 1625 ed,
685 1572 719 1648 ut
733 1559 783 1636 qui
800 1557 846 1616 sub
866 1557 937 1616 vallo
956 1572 1013 1614 ten·
1117 1569 1118 1572 ’

154 1631 250 1690 dcrent
268 1649 440 1702 mercatores,
465 1636 611 1712 recipiendi
630 1635 668 1692 lui
694 1653 750 1693 non
776 1635 906 1692 haberent
930 1631 1014 1692 facul·

153 1719 248 1769 tatem.
287 1709 460 1801 inopinantes
489 1714 568 1770 nostri
593 1731 623 1770 re
649 1709 722 1770 novi
747 1713 933 1789 perturbantur
940 1733 950 1776 ς
982 1727 1015 1768 ae
1074 1761 1078 1772 .

153 1785 201 1843 virt
224 1786 344 1864 primum
362 1807 399 1846 uu
436 1800 494 1846 tum
512 1789 609 1848 cohors
627 1788 656 1846 in
675 1789 784 1846 statione
803 1786 915 1847 sustinet.
955 1787 1015 1845 Cir-
1120 1817 1121 1846 ι

148 1863 367 1922 ἐυωῐιιιιάυιιιιιτ
417 1867 484 1924 otlea
511 1885 549 1924 err
580 1864 690 1944 reliquie
771 1865 849 1934 tibus,
879 1863 900 1922 fi
930 1879 1014 1940 quem

155 1937 401 2018 aditumreperire
420 1941 531 2018 pollent
570 1941 659 2022 AEg're
676 1961 714 2001 no
735 1944 872 2020 ri‘portaa
890 1954 1015 2004 tuenturt
1120 1945 1122 1988 ἱ

157 2014 275 2105 reliquos
301 2019 386 2076 aditur
403 2018 477 2078 locut
496 2017 617 2112 ipseper
636 2019 672 2091 se,
696 2019 867 2096 munitioque
885 2017 1016 2077 defendit.

98 2157 103 2170 ‚
157 2091 238 2152 Touo
263 2096 412 2173 trepidatur
436 2097 541 2164 calinsa
573 2112 658 2176 atque
681 2097 748 2156 aliua
774 2115 808 2154 ex
827 2097 888 2170 ¹alio
912 2092 1018 2154 causam
1121 2109 1122 2126 ¹

157 2169 285 2230 tumultur
299 2176 406 2250 quaerit:
427 2193 516 2252 neque
529 2175 585 2253 qud
598 2177 674 2254 signa
687 2173 813 2243 ferantur,
831 2189 1019 2250 nequequam

157 2243 187 2306 iu
217 2262 324 2326 partem
349 2250 461 2330 quilque
486 2254 640 2320 conueniat,
665 2251 817 2328 provident.
856 2249 933 2306 Alius
961 2247 1019 2323 jam

158 2341 238 2402 capta
263 2331 347 2386 catlra
371 2330 546 2404 pronunciat:
573 2329 650 2395 alius,
678 2326 770 2385 deleto
795 2327 913 2387 exercitu
937 2338 1020 2402 atque
1084 2351 1090 2366 ·

158 2401 336 2480 Imperatore,
362 2407 475 2462 vitiorea
495 2405 621 2466 barbaros
640 2401 738 2460 venisse
757 2404 912 2462 contendit:
939 2401 1019 2480 pleri-

161 2499 216 2552 que
235 2499 317 2538 novas
338 2479 385 2539 fibi
403 2499 437 2537 ex
454 2480 517 2538 loco
534 2480 679 2558 religiones
697 2478 818 2558 fingunt;
837 2479 1020 2554 Cottaeque&

159 2554 262 2614 Titurii
279 2555 471 2622 calamitatem,
519 2555 545 2611 ui
563 2555 592 2612 in
611 2555 709 2614 eodem
734 2557 882 2615 occiderint
904 2553 1021 2622 castello,

161 2650 224 2692 ante
243 2631 336 2689 oculos
356 2645 471 2707 ponunt.
539 2630 575 2688 ali
598 2632 695 2690 timore
713 2632 839 2691 omnibus
857 2632 1021 2712 perterritiua

159 2703 334 2768 confirmatur
359 2707 453 2784 opinio
477 2705 606 2777 barbaria,
632 2721 662 2766 ut
679 2728 714 2766 ex
738 2711 847 2786 captivo
873 2707 1023 2776 audierant,

161 2785 267 2844 nullum
299 2783 351 2841 elle
382 2783 454 2840 intua
484 2783 644 2860 praelidium
682 2786 859 2864 Perrumpere
884 2786 1022 2849 nitunturr

160 2861 243 2940 le'que
260 2859 309 2938 ipsr
321 2857 506 2931 adhortantur,
525 2880 560 2918 ue
573 2875 675 2921 tantam
693 2861 828 2924 tartunam
847 2881 882 2920 ex
901 2861 1025 2922 manibus

160 2941 306 2998 dimittant.
880 2943 888 2950 “

202 3015 322 3074 XXXV.
333 3013 401 3073 Erat
411 3033 484 3093 ager
497 3013 523 3071 in
536 3016 658 3091 praelrdio
670 3017 775 3076 relidue
784 3015 814 3074 P.
827 3017 930 3075 Sextius
940 3011 1023 3071 Bacu-

165 3091 215 3159 loa,
244 3094 291 3168 qui
310 3093 426 3166 primum
452 3090 538 3168 pilum
556 3095 629 3169 apud
646 3093 778 3151 Celarem
797 3093 927 3157 duxeram
952 3087 1025 3162 cujus

166 3170 333 3228 mentionem
352 3166 526 3244 superioribus
564 3169 645 3228 roeliis
658 3169 783 3228 fecimus:
803 3188 835 3228 ac
847 3169 921 3226 diem
936 3165 994 3239 jam
1008 3183 1025 3218 v

167 3245 230 3308 cibo
248 3258 380 3308 caruerat.
418 3243 484 3317 Hic,
510 3187 607 3306 didius
625 3245 677 3305 suae
695 3261 783 3326 atque·
795 3246 925 3332 omnium.
940 3240 1025 3330 saluti,

918 3335 1026 3378 rnermtt
