2244 3766
129 171 175 219 uo
298 141 339 216 C.
378 141 540 236 Juurr
581 124 850 218 Cuntinus

126 272 280 333 serebantur
287 297 296 340 ;
316 273 390 352 quod
402 296 458 336 non
477 295 608 353 magnum
626 277 655 334 in
675 297 705 335 re
724 276 832 334 militari
850 272 927 332 usum
948 274 1006 334 hass

47 389 49 396 ·
127 349 237 410 bebant.
279 354 403 430 Quorum
422 354 498 423 alius,
517 355 570 412 alit
587 353 666 412 causi
680 353 767 420 illati,
788 371 871 430 quarn
890 352 939 410 tibi
961 351 1004 410 ad

127 426 347 504 proficiscendum
378 431 549 489 necessariam
582 431 634 490 esse
663 431 781 496 dicerem
814 429 930 507 petebat,
968 442 1005 487 ut

128 503 183 578 ejus
203 504 342 564 voluntate
361 507 497 566 discedere
517 509 620 566 liceret:
641 507 774 575 nonnulli,
793 508 897 584 pudore
910 505 1003 564 addu·

128 580 173 648 eti,
201 595 231 638 ut
256 583 358 641 timoris
383 583 556 663 suspicionem
576 588 701 654 vitarent,
729 585 912 643 remanebant.
955 581 1002 642 Hi

127 676 215 736 neque
236 660 340 718 vultum
360 661 471 740 fingere,
492 683 580 742 neque
598 663 732 720 interdum
752 660 883 737 lacrymas
903 675 1002 718 tenere

129 748 270 810 poterant:
290 737 375 797 abditi
396 743 425 798 in
444 740 620 799 tabernaculis
639 755 684 797 aut
703 734 879 796 suum'satum
900 743 1003 816 quer'e-

112 813 238 884 uantur,
267 827 313 871 aut
332 837 395 880 curn
418 817 594 876 familiaribus
612 815 661 873 suis
682 835 826 874 commune
845 815 1003 892 periculum

130 887 330 950 miserabantur.
369 893 463 973 Vulgi>
490 895 553 954 totis
577 895 665 952 eastris
689 893 844 952 testamenta
872 893 1002 970 obsigna·

130 964 237 1024 bantur.
277 967 388 1032 Horum
406 969 515 1030 vocibus
534 991 566 1030 ae
580 972 686 1039 timore,
706 969 848 1048 paullatim
867 971 949 1029 etiarn
969 973 1002 1042 ii,

130 1044 178 1120 qui
198 1062 328 1121 magnum
347 1050 374 1106 in
395 1049 481 1110 castris
500 1046 575 1108 usum
595 1047 739 1116 habebant,
763 1047 862 1106 milites
881 1049 1001 1107 centuri·

130 1118 258 1197 unisque,
293 1123 395 1202 quique
425 1128 556 1203 equitatui
588 1139 729 1202 praeerunt,
762 1121 1000 1204 perturbabantur.

130 1197 187 1272 Qi
211 1195 238 1255 se
261 1215 295 1256 ex
319 1203 360 1260 his
378 1203 469 1262 minius
487 1203 596 1262 timidae
616 1203 757 1261 erdslimari
777 1203 914 1271 volebant,
942 1222 1002 1262 nou

131 1271 158 1329 se
182 1273 284 1336 hostem
311 1282 405 1349 vereri,
432 1279 476 1338 sed
500 1281 630 1359 angustias
653 1281 764 1355 itineris,
791 1280 1002 1356 &magnitudi-

132 1371 195 1409 nem
215 1351 359 1430 sylvarum,
378 1378 438 1438 quae
452 1359 522 1417 inter
542 1378 588 1416 eos
606 1366 689 1435 atque
704 1357 866 1416 Ariovistum
884 1363 1002 1418 interce·

131 1428 236 1500 derent,
262 1448 309 1494 aut
328 1457 387 1496 rem
406 1431 618 1502 frumentariam,
645 1448 674 1492 ut
689 1432 752 1492 satis
772 1433 918 1494 commode
939 1434 1001 1511 sup·
1068 1503 1070 1506 v

130 1511 236 1583 portari
255 1511 347 1587 pollet,
367 1515 463 1572 timere
481 1513 615 1572 dicebant.
653 1509 788 1570 Nonnulli
807 1509 1003 1572 etiam'Caesari

130 1587 338 1654 renunciabant3
359 1589 423 1648 cirin
437 1589 519 1647 casira
534 1587 639 1646 moveri
658 1606 690 1647 ac
709 1589 785 1666 signu
804 1589 868 1648 ferri
884 1588 1003 1664 juffillet,

130 1679 188 1718 non
207 1661 267 1721 fore
286 1665 359 1724 diuo
378 1665 516 1725 audientes
536 1665 644 1736 milites,
663 1683 762 1744 neque,
786 1681 900 1746 propter
919 1666 1001 1728 timo·

131 1755 200 1804 rem,
220 1737 238 1796 su
260 1759 295 1798 na
309 1741 417 1802 laturos.

170 1815 196 1870 X
254 1816 277 1874 l.
298 1817 368 1878 Haec
381 1840 467 1894 quum
482 1819 710 1876 animadvertiffet
722 1821 827 1885 Caesar;
847 1833 1001 1880 convocato

132 1891 258 1960 concilio,
280 1895 456 1970 omniumque
470 1895 597 1954 ordinum
609 1893 643 1953 ad
662 1894 691 1952 id
710 1896 856 1954 concilium
875 1895 1002 1956 adhibitis

120 1970 343 2046 tentationibus,
363 1971 538 2032 vehementer
555 1991 600 2030 eos
617 1971 761 2031 incusavit:
780 1971 907 2038 Primim.
928 1970 1002 2050 qaid,

133 2063 182 2105 aue
200 2069 275 2124 quam
293 2055 321 2110 in
337 2065 446 2128 partem,
466 2067 513 2109 aut
525 2073 571 2128 quo
583 2051 681 2129 consilia
693 2051 852 2120 ducerentur,
862 2049 918 2127 fibi
928 2073 1000 2128 que-

133 2127 236 2185 rendum
255 2143 303 2186 aut
316 2131 473 2207 cogitandum
486 2143 623 2206 putarent,
661 2131 829 2204 Ariouistum.
840 2129 872 2202 se
885 2129 1000 2200 Caufirlm

132 2202 282 2278 cupideffime*
289 2208 375 2284 pepuli
385 2205 494 2266 Romani
504 2212 648 2266 amicitiam
657 2205 780 2280 appetsffl·
805 2201 861 2256 Cur
869 2203 933 2258 meuc
943 2221 999 2264 tam

132 2281 226 2340 temere*
237 2287 367 2361 quisquam
380 2283 415 2344 ab
424 2289 498 2363 ficia
507 2281 823 2360 disceffierumjudicaret?
836 2274 892 2331 Sibi
900 2283 999 2352 quidem

128 2361 287 2432 persuaderi,
297 2366 459 2438 cognitisſsris
464 2359 605 2434 pululatis,
616 2367 692 2424 atque
701 2353 824 2426 aequitate
834 2355 998 2418 conditionum

130 2437 269 2510 perspecta,
292 2459 346 2498 rum
360 2437 515 2530 nepuesuam
527 2451 601 2512 neque
608 2426 693 2503 pepuli
709 2425 816 2485 Romani
826 2433 947 2504 gratiam
959 2454 999 2490 re·

131 2513 304 2583 radiatum
346 2513 425 2586 Qud
431 2509 469 2585 ſs,
482 2511 577 2582 firme
589 2520 665 2579 atque
675 2505 792 2564 ementiri
802 2508 925 2582 impuffies,
944 2508 996 2566 bet-

122 2629 124 2638 .
135 2583 189 2646 lum
199 2589 322 2664 intulzffit
329 2609 338 2652 r
351 2587 413 2662 quid
421 2585 521 2642 taudem
534 2587 710 2642 vererentur?
722 2597 770 2640 aut
782 2585 926 2657 curdesud
936 2591 996 2643 vir·

133 2677 189 2722 tute
218 2660 266 2720 aut
279 2668 310 2720 de
323 2664 394 2738 ipſsus
406 2659 541 2736 diligantid
544 2703 551 2726 ,
572 2658 751 2735 desperarent?
771 2661 875 2720 Fanum
887 2665 938 2738 q'ur
953 2663 995 2720 ba-

126 2742 178 2816 ssis
185 2739 323 2817 periculum
333 2751 439 2814 patrum
451 2737 586 2811 aestrorum
598 2737 727 2804 memorii,
740 2758 824 2813 quum,
840 2737 950 2796 Cimbris
962 2736 996 2798 U

136 2815 248 2875 teutonus
262 2809 280 2872 ci
296 2817 328 2874 C.
345 2815 435 2872 Mario
451 2813 534 2890 pulsis,
557 2837 603 2872 nen
615 2817 733 2872 minorem
752 2815 853 2874 laudem
866 2821 996 2887 exercitus,

135 2891 211 2971 qaeim
222 2896 271 2970 ipse
282 2897 429 2970 imperator,
443 2895 546 2948 meritus
557 2888 706 2948 videbatur.
742 2891 846 2950 Fadum
859 2897 940 2950 etiam
952 2915 995 2950 nu·

133 2988 180 3049 per
197 2977 222 3030 in
240 2969 333 3036 ltalia,
344 2967 445 3043 seruili
461 2967 588 3033 rumestat
608 2989 664 3044 quos
682 2983 767 3026 tamen
785 2969 877 3046 aliquis
894 2972 950 3046 ustus
967 2993 995 3032 ac

136 3047 266 3125 disciplina
279 3067 354 3122 quam
371 3044 390 3104 d
410 3042 476 3103 nabis
488 3045 645 3122 aceepiffent,
660 3043 833 3120 sublevaret:
852 3068 884 3104 ex
896 3066 941 3121 que
950 3050 995 3124 ju·

136 3130 223 3189 dicari
228 3125 313 3202 pofflt‚
326 3137 445 3198 quantum
455 3121 560 3182 haberer
571 3123 633 3196 inse
641 3120 698 3198 boui
707 3127 845 3202 constantia
850 3145 860 3188 ;
869 3135 997 3198 propterea

138 3201 206 3278 quid,
221 3222 277 3278 quas
289 3199 446 3275 aliquamdiu
459 3205 561 3258 inermes
572 3197 625 3272 fini
636 3201 716 3258 causei
727 3199 871 3276 timuiffint.
886 3199 926 3256 bas
934 3205 995 3280 pafl-

127 3301 169 3339 ea
186 3293 299 3338 armatos
313 3297 345 3336 ae
355 3280 467 3350 vitiaret
476 3276 643 3356 superdffent.
685 3273 799 3354 Denique
813 3275 998 3336 Germanum

959 3353 997 3430 ese
