2272 3776
178 137 254 227 '320
423 111 803 202 A.'H11srrr

179 269 257 322 rente
277 272 313 313 ex
325 267 381 330 quo
394 251 577 323 decurrentes,
603 273 650 313 rna
689 273 734 312 am
746 252 952 316 multitudinem
962 252 1048 314 hostii

180 351 228 390 um
250 333 279 390 in
292 333 381 390 castris
400 332 604 391 interfecerunt.
676 333 730 390 uod
752 332 901 410 periculum
917 331 1046 411 plerique

180 409 364 468 Alexandrini
383 411 529 490 fugientes,
549 411 703 468 acervatim
715 409 743 469 se
754 409 876 469 de'vallo
888 411 1047 488 praecipita

178 501 278 546 verunt
292 487 392 546 ineam
405 504 523 566 partem,
543 505 605 565 quae
617 487 797 547 fluminierat
810 487 946 566 adjundla.
979 489 1045 548 Ho-

179 583 241 622 rum
254 565 349 644 primis
361 567 392 624 in
400 565 459 644 ipsi
471 565 541 626 fossi
553 565 713 624 munitionis
726 566 828 646 magni
839 565 917 624 ruini
931 564 1046 644 oppres·

177 641 223 710 sis,
246 646 337 702 caeteri
351 643 504 702 faciliorem
517 643 613 722 sugam
625 644 792 702 habuerudt.
832 643 945 703 Constat
957 641 1044 722 sugis-

177 720 206 778 se
220 741 256 778 ex
268 723 358 780 castris
371 720 480 800 Regem
493 720 598 800 ipsum;
619 736 818 812 receptumque
825 721 854 780 in
866 741 986 787 navemr
1006 727 1043 789 dc,

177 799 353 858 multitudine
366 819 472 867 eorum,
493 799 551 877 qui,
566 799 602 857 ad
611 818 751 878 proxumas
763 819 849 860 nares
861 799 1041 868 adnatabant,

177 876 303 935 demerso
316 878 438 954 navigio,
458 877 563 950 perisse.
754 933 755 936 ,

218 957 327 1012 ΧΧΙΙΙ.
355 957 398 1012 Re
423 955 572 1013 seliciffimd
596 955 795 1032 celerrime'que
820 953 910 1034 gestd3
939 951 1045 1022 Caesar,

177 1050 286 1109 magnae
295 1032 416 1090 vitioriae
426 1033 539 1100 fiducii,
549 1034 677 1110 proximo
688 1033 804 1092 terrestri
814 1031 1043 1091 itinereAlexan-

175 1109 265 1166 drianr
278 1129 342 1168 cum
362 1111 498 1188 equitibus
511 1111 671 1176 coutendit;
690 1124 774 1188 atque
795 1130 829 1169 ea
852 1124 930 1188 parte
942 1109 1042 1186 oppidi

176 1188 265 1244 vidior
276 1187 392 1256 introiit,
413 1207 475 1266 quae
488 1187 611 1267 praesrdio
623 1188 739 1246 hostium
750 1187 904 1246 tenebatur.
935 1187 1040 1264 Neque

175 1285 241 1324 eum
265 1266 408 1324 consilimn
432 1266 510 1324 suum
536 1265 644 1332 fefellit,
665 1266 733 1343 quin
756 1265 856 1333 hostes,
886 1284 920 1325 eo
944 1265 1040 1342 praelio

176 1344 284 1411 audito,
303 1345 373 1403 nihil
389 1345 450 1421 jam
462 1344 498 1403 de
520 1344 594 1404 bello
615 1344 698 1402 ellent
717 1343 873 1422 cogitaturi.
913 1343 1042 1420 Dignum

176 1421 326 1481 adveniens
347 1421 467 1482 frustum
484 1423 590 1482 uirtutis
611 1423 735 1479 &animi
756 1421 954 1498 magnitudinis
968 1421 1041 1478 tulit.

175 1501 277 1558 Omnis
295 1501 370 1558 enim
392 1500 540 1559 multitudo
561 1499 773 1576 oppidanorum,
794 1499 876 1556 annis
900 1497 1042 1577 projeuis,

174 1577 426 1652 munitionibusque
440 1576 491 1634 suis
503 1577 617 1639 relisum
638 1576 710 1632 veste
725 1576 758 1631 ei
771 1573 888 1650 sumpti,
909 1577 968 1651 qud
980 1575 1044 1651 sup·

174 1653 259 1728 plices
268 1654 439 1711 dominantes
449 1650 591 1726 deprecari
601 1649 817 1712 consueverunt;
830 1650 970 1724 sacrisque
980 1670 1044 1710 orn-

172 1729 253 1787 nibus
272 1729 392 1806 prolatis,
404 1745 530 1801 ‚quorum
545 1725 679 1853 relipione
692 1722 798 1796 precari
813 1723 930 1780 offensos
941 1726 1046 1788 iratcis·

171 1825 228 1881 que
250 1806 355 1861 animos
377 1821 474 1878 regum
497 1812 575 1856 erant
605 1797 682 1864 oliti,
703 1795 860 1856 advenienti
874 1798 980 1860 Caesari
991 1825 1044 1866 oc.

171 1893 325 1944 currerunt,
344 1877 427 1955 seque
448 1877 476 1934 ei
486 1873 659 1934 dediderunt.
701 1873 792 1933 Caesar
813 1875 843 1956 in
855 1875 940 1936 fidem
960 1901 1042 1942 rece-

171 1973 234 2035 ptos
248 1955 413 2024 consolatus,
438 1974 488 2034 per
508 1954 626 2012 hodium
646 1953 812 2013 munitiones
834 1953 953 2016 insuam
974 1980 1041 2034 par-

171 2053 231 2096 tem
251 2054 289 2114 op
309 2035 350 2094 idi
362 2036 465 2114 magnai
477 2032 661 2113 gratulatione
675 2033 751 2090 venit
763 2031 872 2090 suorum
881 2057 890 2101 3
912 2034 960 2110 qui
980 2055 1039 2096 non

171 2115 283 2173 tanturn
290 2055 398 2174 lelium
411 2114 500 2192 ipsum
513 2131 545 2170 ac
558 2111 775 2180 dimicationem,
798 2109 845 2168 sed
858 2111 942 2171 etiam
951 2114 1040 2174 talem

173 2192 323 2253 adventum
337 2194 395 2270 ejus
408 2193 519 2251 felicem
531 2190 608 2250 fuisse
620 2190 791 2248 laetabantur.

211 2273 319 2330 XXIV.
342 2271 433 2329 Caesar
443 2272 571 2347 AEgypto
584 2281 668 2346 atque
678 2265 847 2326 Alexandrid
859 2267 971 2344 potitus,
991 2287 1037 2330 re·

172 2368 221 2426 ges
247 2349 394 2416 constituit,
425 2367 494 2426 quos
513 2347 676 2406 Ptolemaeus
700 2346 860 2404 testamento
881 2343 1034 2424 scripserat,
1063 2397 1067 2406 .

171 2441 255 2502 atque
276 2425 422 2484 obtestatus
440 2438 501 2483 erat
513 2422 648 2500 populum
657 2425 826 2490 Romanurn,
846 2443 883 2480 ne
892 2438 1035 2487 mutaren-

170 2517 224 2563 tur.
255 2504 342 2570 Nam,
363 2504 469 2579 majore
491 2521 527 2558 ex
539 2501 646 2558 duobus
659 2501 750 2577 pueris
763 2519 829 2578 rege
853 2501 956 2570 amisso,
980 2503 1035 2560 mi-

169 2582 232 2640 nori
258 2579 399 2638 transdidit
429 2577 750 2656 regnumr'majorique
774 2597 809 2635 ex
842 2577 947 2638 duabus
970 2579 1033 2640 siliis

171 2653 337 2738 Cleopatra,
349 2677 410 2734 quae
422 2654 558 2714 manserat
570 2655 601 2713 in
613 2655 667 2714 fide
680 2655 863 2734 praesrdiisque
876 2656 944 2732 ejus.
972 2657 1034 2714 Mi-

170 2755 268 2800 norem
291 2735 435 2801 Arsrnoin,
457 2734 533 2810 cujus
551 2733 664 2792 nomine
681 2733 730 2792 diu
750 2733 1036 2812 regnme'impoten-

171 2828 213 2874 ter
226 2813 415 2890 Ganymeden
435 2810 590 2880 docuimus,
610 2812 746 2870 deducere
768 2831 803 2872 ex
819 2811 1036 2890 regn0.statuit;

170 2913 206 2950 ne
227 2891 283 2968 qua
304 2891 391 2950 rursus
413 2909 487 2948 noua
508 2889 641 2958 dissensio,
662 2890 739 2968 prius
757 2887 842 2966 quim
854 2888 1034 2960 diuturnitate

169 2970 398 3028 confirmarentur
417 2969 488 3046 regis
518 2968 645 3045 imperia,
674 2985 724 3044 per
748 2967 874 3026 homines
893 2967 1035 3032 seditiosos

170 3045 335 3103 nasceretur.
375 3047 501 3126 Legioue
510 3044 642 3105 veterani
655 3065 688 3103 vr
702 3044 793 3104 secum
803 3043 930 3112 dedudld,
947 3057 1036 3105 caete-

169 3139 214 3180 ras
236 3121 277 3176 ibi
297 3122 446 3200 relinquit;
466 3123 523 3202 qud
541 3123 644 3182 limnius
657 3124 722 3182 esset
741 3141 837 3181 eorum
857 3141 956 3200 regum
977 3123 1035 3182 im·

168 3197 294 3274 perium:
315 3200 363 3274 qui
385 3219 477 3278 neque
498 3219 621 3262 amorem
634 3201 745 3261 suorum
765 3200 868 3258 habere
887 3211 1029 3278 poteraut,
1055 3237 1058 3242 ·

168 3271 245 3355 quid
267 3273 383 3342 fideliter
404 3278 611 3357 permanserant
630 3279 661 3342 iu
683 3277 795 3350 cesaris
818 3275 961 3361 amicitiis
977 3298 1034 3346 uc-⁴

504 3375 509 3380 ·
597 3404 599 3410 .
972 3373 1032 3434 que
