2290 3762
173 195 216 289 78
327 188 368 261 C.
408 185 574 281 Jutrr
615 191 883 266 Cmsnnrs

209 321 261 381 lX.
297 319 424 379 Postridie
454 321 507 398 ejus
538 321 601 392 diei,
641 323 731 390 mane,
770 323 901 403 tripartitb
934 317 1046 382 mili'te's‘

171 396 327 478 equite'sque'
347 399 375 454 in
395 399 593 476 expeditionem
613 400 699 465 milits
718 415 748 458 ut
760 421 815 470 eos,
836 403 882 478 qui
896 401 1035 478 sugerent,

171 476 401 568 persequerentur.
441 476 478 534 lie
491 477 655 554 aliquantum
667 478 769 535 itineris
782 479 929 556 progressu,
947 497 1034 554 quum
1072 501 1079 508 ·

168 575 226 629 Jarn
253 554 365 610 extremi
392 551 473 611 essent
497 553 525 611 in
552 553 698 630 prospeslu,
725 557 828 632 equites
855 555 871 612 ὲ
896 557 933 626 Q.
952 555 1038 612 Atrio

172 633 208 696 ztd
229 631 361 688 Caesarem
381 624 521 698 venerubt,
548 631 594 707 qui
619 633 785 701 nunciarent,
804 635 932 710 strperieri
956 639 1036 700 nobie,

66 692 135 763 &a
172 709 291 768 maximi
308 707 395 764 coemi
406 711 557 784 implessem,
572 707 648 784 propi
661 731 738 766 omnes
756 729 837 767 naves
849 711 970 786 afflisias,
990 723 1035 766 at·

173 808 220 860 que
232 791 259 841 in
271 785 358 840 littore
368 786 459 859 (jesias
473 785 533 858 effet
554 784 620 860 quid
628 807 704 861 neque
717 787 834 844 anchora
839 787 961 862 fime'sque
971 784 1037 860 sub·

165 865 283 940 fistcrent
290 883 298 924 3
324 881 399 936 neque
421 877 518 928 naute,
540 859 773 938 gubernatoreffque,
799 867 857 920 vim
883 866 1036 939 tempestatis
1129 909 1131 918 r

168 943 231 1016 pati
245 939 344 1012 pqſjint.
389 938 478 1013 Itaque
494 960 527 994 ex
543 960 570 994 eo
587 939 699 1010 concurstc
717 944 834 1005 navium,
854 959 974 1015 magnum
990 939 1038 1012 (βξ

172 1016 346 1074 incommodum
357 1029 491 1089 acceptum.
513 1014 564 1071 His
578 1013 655 1070 rebus
668 1015 801 1092 cogniti53
815 1013 902 1072 Caesar
914 1013 1037 1102 legiones

173 1089 377 1170 equitanimque
402 1091 532 1156 revocari,
564 1104 647 1167 atque
672 1089 768 1147 itinere
795 1089 915 1148 desrssere
941 1091 1037 1164 jubet:
1129 1123 1130 1130 κ

173 1173 229 1246 ipse
251 1168 287 1224 ad
314 1185 394 1226 naves
420 1167 576 1224 revertitur:
601 1166 695 1225 eadem
720 1165 788 1235 seri,
814 1180 875 1244 quae
894 1187 928 1225 ex
954 1168 1050 1224 literie'
1130 1197 1131 1204 κ

173 1243 331 1321 nunciisque
350 1255 525 1320 cognoverat,
545 1243 637 1304 cotim
657 1239 781 1320 perspicit
787 1267 798 1308 ;
817 1247 861 1310 sie,
881 1258 920 1313 ut,
940 1243 1037 1318 amiffis
1068 1279 1070 1286 ι

111 1363 116 1370 -
174 1324 281 1384 circiter
301 1321 482 1390 usuaribus,
507 1321 618 1398 reliquae
637 1335 726 1379 tamen
746 1320 819 1378 refici
841 1320 914 1396 posse
933 1338 1038 1397 magno

174 1402 287 1478 negotio
312 1399 474 1456 viderentur.
512 1399 611 1476 Itaque
636 1417 670 1456 ex
695 1395 845 1481 legionibus
872 1397 962 1456 fabros
987 1397 1037 1454 de·
1102 1385 1131 1508 4

174 1481 244 1557 ligit,
278 1483 303 1533 a
329 1497 363 1534 ex
386 1477 535 1532 continenti
561 1476 627 1533 alios
651 1475 772 1533 accerfiri
793 1473 885 1549 jubet:
912 1473 1061 1545 Labieno=
1130 1509 1131 1528 2

174 1556 272 1619 scribit,
298 1568 338 1620 ut,
366 1550 451 1628 quim
477 1551 605 1626 plurimas
630 1552 724 1628 posset,
750 1553 783 1608 iis
801 1549 951 1630 legionibus
975 1570 1038 1628 qnae

174 1633 235 1692 sunt
253 1629 324 1704 apud
338 1647 410 1694 eum,
429 1645 510 1684 naves
522 1626 647 1684 instituat.
687 1629 701 1682 l
702 1627 758 1703 pse,
776 1629 822 1686 etsi
836 1641 950 1686 reserat
967 1629 1038 1686 mul·

174 1723 211 1768 tae
238 1725 328 1782 operae
347 1723 379 1763 ac
396 1703 505 1768 laboris,
533 1715 624 1760 tamen
643 1705 885 1762 commodissimum
909 1705 962 1762 esse
988 1707 1039 1764 lla·

174 1785 236 1852 tuit,
263 1800 357 1839 omnes
376 1797 457 1838 naves
475 1778 594 1846 subduci,
619 1783 725 1838 &cum
742 1780 830 1846 palleis
851 1779 905 1840 unit
927 1782 1052 1842 muniti-¹

174 1882 229 1922 one
248 1857 381 1934 conjungi
424 1856 457 1913 In
482 1855 523 1912 his
541 1857 619 1913 rebus
638 1857 744 1922 cimiter
762 1857 819 1915 dies
848 1875 868 1912 x
894 1856 1038 1930 consumit,

174 1959 211 1997 ne
237 1934 502 2010 nouurnis,quidem
529 1934 694 2010 temporibus
712 1934 748 1992 ad
774 1932 894 1993 laborem
921 1936 1039 1996 militum

173 1998 512 2098 ibsermilsrafflsubdutlis
525 2011 647 2079 navibus,
667 2009 807 2088 castrisque
820 2030 884 2090 egre
905 2011 930 2070 ie
949 2013 1038 2070 muni·

174 2097 225 2158 tis;
252 2091 358 2148 easdem
377 2093 478 2166 copias,
504 2107 570 2165 quar
589 2087 662 2156 autb,
683 2089 804 2167 praesidio
823 2029 936 2147 navibus
955 2091 1039 2148 telin·

174 2174 251 2250 quit:
285 2168 339 2246 ipse
372 2167 480 2234 eodem,
513 2166 586 2224 unde
616 2167 741 2235 redierat,
773 2166 951 2244 proficiscitur.
998 2165 1040 2224 Eo

174 2269 259 2328 quum
287 2245 414 2312 venisset;
441 2243 552 2318 majores
574 2243 632 2317 jam
660 2244 779 2319 undiq'ue
803 2244 830 2300 in
857 2261 920 2300 eum
946 2243 1038 2301 locum
1127 2237 1128 2310 l

175 2329 260 2402 copiae
273 2323 462 2380 Britannorum
473 2332 669 2377 convenerant:
689 2319 791 2376 summa
803 2319 909 2394 imperii
921 2319 1041 2396 bellique

175 2401 385 2461 administrandi,
419 2398 557 2454 communi
587 2395 707 2462 consilio,
739 2395 863 2471 permissa
895 2395 931 2452 est
955 2398 1040 2455 ciffi-

176 2481 319 2544 vellaun03
351 2474 422 2546 cuijus
452 2473 516 2526 sines
543 2472 561 2527 ai
586 2472 726 2530 maritimis
757 2473 906 2530 civitatibus
936 2473 1040 2532 flumen

176 2556 281 2620 dividit,
302 2551 375 2626 quod
396 2548 544 2624 appellatur
556 2547 688 2616 lamella,
708 2547 725 2604 al
744 2551 813 2624 mari
831 2549 937 2607 circiter
956 2551 1041 2610 millia

175 2631 296 2712 pulsuum
319 2643 416 2680 rxxx.
458 2625 539 2690 Huic,
559 2623 686 2699 superiori
701 2641 833 2704 ternpore,
852 2645 917 2684 cum
929 2627 1040 2705 reliquie
1125 2643 1126 2646 ’

176 2702 324 2768 civitatibus
343 2701 509 2758 continentia
533 2702 603 2760 bella
625 2702 832 2761 intercesserant:
872 2703 923 2762 Sed
950 2707 1041 2764 nolito

176 2785 295 2842 adventu
321 2779 437 2855 permoti
455 2775 587 2848 Britanni,
611 2777 684 2836 hunc
703 2783 753 2840 toti
779 2780 852 2839 bello
870 2780 1040 2860 imperio'que

173 2860 357 2939 praesecerant.

214 2937 250 2993 X.
271 2933 413 2992 Britannia:
430 2949 491 3008 pars
510 2931 621 2991 interior
640 2931 675 2989 ab
694 2933 725 2990 iis
745 2934 879 3002 incolitur,
902 2953 970 3012 quos
991 2955 1040 2994 na·

175 3027 218 3072 tos
238 3014 266 3069 in
290 3009 374 3068 insuli
394 3008 462 3086 ipsit,
489 3009 621 3066 memorii
641 3011 778 3084 proditum
798 3013 906 3069 dicunt:
935 3013 1054 3070 maritb

176 3111 222 3150 rna
248 3107 308 3164 pars
326 3089 362 3145 ab
380 3087 420 3154 iis,
447 3087 503 3162 qui,
530 3086 627 3163 praedae
646 3105 678 3143 ac
697 3085 760 3144 b'elti
788 3087 921 3145 inferendi
947 3089 1039 3156 causei,
1123 3101 1124 3136 1

176 3187 211 3226 ex
238 3163 326 3238 belgis
352 3164 507 3220 transierant
514 3165 596 3239 equi
623 3179 716 3220 omnes
743 3163 799 3221 sere
826 3165 858 3220 iis
885 3166 1039 3224 nominibus

167 3245 316 3302 civitatum
341 3240 519 3316 appellantur,
551 3239 647 3316 quibus
672 3241 725 3298 orti
757 3259 791 3298 ex
821 3239 972 3300 civitatibus
1004 3238 1052 3298 eb'

174 3329 365 3398 pervenerunt,
398 3315 520 3378 &bello
551 3315 628 3378 illato
659 3316 698 3376 ibi
730 3313 921 3388 remanserunt,
955 3329 1041 3391 atque

234 3403 239 3410 '
505 3413 508 3420 ’
602 3407 606 3437 -·
940 3410 1041 3471 agree
