2274 3768
162 133 229 184 rao
277 109 318 182 C.
357 109 567 201 Junrue
609 112 885 189 Catenis
983 145 986 152 ¹

155 245 264 308 remotis
282 239 357 309 locis,
377 253 523 316 queruntur
542 239 578 296 de
597 238 714 298 Acconis
733 254 836 314 motta:
856 243 928 320 polle
946 245 1043 310 bune'
1129 239 1131 314 l

155 324 245 385 calum
262 319 297 378 ad
317 315 384 393 ipson
403 315 532 383 recidere,
552 317 751 376 demonstrant:
771 318 929 380 miserantur
945 343 1027 384 com·

156 417 269 461 munem
286 394 384 452 Galbae
405 391 555 452 fortunam:
582 394 705 452 omnibus
725 395 964 472 pollicitationibus
986 419 1024 460 ae

155 475 272 558 praemiis
292 470 447 605 deposcunt,
468 469 515 548 qui
534 469 597 528 belli
616 471 721 530 initium
740 471 852 542 faciant,
872 480 897 533 ἀ
915 476 953 535 sui
972 497 1024 536 ca.

156 555 220 633 pitis
238 549 328 629 pericu
340 567 357 606 o
369 546 490 605 Galliam
509 547 537 603 in
556 545 708 606 libertatem
722 548 868 611 vindicent.
907 551 970 626 Ejus
989 555 1023 614 iu

156 629 249 709 primis
268 627 400 684 rationem
419 622 572 682 habendam
592 623 643 680 effe
660 623 762 695 dicunt,
782 626 857 703 pribs
869 629 952 704 quim
972 649 1024 690 eo.

155 728 216 767 rum
235 703 396 767 clandestina
414 699 523 760 confilia
543 701 686 758 efferantur
693 724 703 767 ς
730 717 759 763 ut
780 703 868 762 Caesar
887 707 922 764 ab
942 725 1023 766 exer·

154 789 211 846 citu
229 780 429 856 intercludatur.
468 777 502 835 ld
516 777 566 834 else
580 777 672 842 facile;
694 775 798 855 quddn
837 801 870 839 ue
888 782 1021 860 legiones,

155 862 264 922 absente
278 862 452 934 Imperatore,
473 871 507 910 ex
520 853 647 928 hybernis
665 856 758 930 egredi
776 877 810 916 au
830 871 909 925 eant;
929 879 1021 938 neque

77 993 84 1012 χ
155 941 201 1000 Im
236 954 317 1003 rator,
342 931 396 992 line
417 930 546 1008 prasidio,
575 931 610 988 ad
629 930 748 1008 legiones
767 936 907 1027 pervenire
933 939 1020 1014 poffit.

155 957 303 1081 Pellena,
322 1012 351 1067 in
365 1011 424 1068 acie
444 1009 567 1084 praestare
579 1007 707 1075 interfici;
727 1029 809 1086 quam
824 1031 879 1070 non
900 1031 1022 1075 veterem

109 1156 116 1174 1
155 1093 220 1154 belli
239 1089 363 1170 gloriam,
382 1083 598 1161 libertatemque,
618 1105 699 1164 quam
714 1086 887 1161 amajoribus
907 1109 1020 1168 accepe-

155 1172 226 1238 rint(
239 1182 405 1243 recuperare.

194 1247 234 1305 ΙΙ.
254 1245 307 1303 llis
321 1241 399 1300 rebus
413 1239 533 1316 agitatis,
547 1237 705 1315 profitentur
719 1240 867 1308 Camutec3
879 1247 911 1318 se
923 1243 1020 1304 nullum
1130 1253 1131 1258 ’

152 1324 297 1405 periculum,
318 1323 448 1385 communit
451 1317 549 1393 salutis
559 1321 649 1384 causti,
668 1322 798 1393 recusaret
816 1322 982 1396 principisque
985 1322 1020 1394 st

61 1453 64 1458 .
154 1426 189 1462 ex
206 1398 324 1466 omnibus,
349 1395 439 1453 bellum
449 1398 570 1469 faciuros
585 1389 742 1468 pollicentur.
782 1399 829 1464 Er,
857 1404 971 1474 qrconiam
989 1401 1019 1454 in

152 1478 292 1558 praesmtid
304 1469 423 1552 objicibus
435 1492 531 1528 caven
541 1460 645 1541 intense
656 1495 705 1530 non
711 1473 812 1549 peffent,
830 1496 860 1530 nc
871 1496 912 1530 res
923 1479 1018 1552 effera·

154 1575 215 1619 tara
235 1550 435 1628 utjurejurando
446 1547 689 1622 atfidesanciatur,
704 1561 804 1624 petunt,
826 1551 934 1624 (collatis
945 1551 1018 1608 mili·

154 1631 350 1706 taribusfignis,
369 1646 413 1701 qut
426 1645 493 1681 neure
503 1645 586 1680 eorum
592 1626 761 1716 graviffimae
773 1630 925 1684 taerimmiae
937 1630 1016 1683 conti-

154 1713 262 1782 nentur)
276 1728 315 1772 nc,
326 1709 404 1780 facio
417 1704 490 1757 initio
502 1697 571 1778 delli,
585 1721 604 1756 a
616 1702 718 1778 reliquis
729 1705 884 1777 deserantur.
922 1703 1032 1772 Tunc„

132 1795 133 1798 ’
154 1783 309 1844 collaudatis
323 1776 496 1844 Camutibus,
513 1777 579 1834 dato
593 1775 764 1851 jurejurando
777 1780 811 1837 ab
827 1779 948 1838 omnibus
959 1779 1016 1855 qui

154 1863 275 1929 aderant,
296 1872 418 1933 tempore
437 1852 491 1930 ejus
511 1855 551 1912 rei
569 1855 719 1925 constituto,
746 1856 781 1914 ab
799 1857 913 1916 concilio
932 1855 1016 1916 disce·

121 1991 125 2004 ,
153 1941 234 1998 ditur.
263 1940 269 1954 ⁸

68 2061 71 2069 ,
192 2015 246 2074 ΙΙΙ.
268 2011 327 2072 Ubi
341 2030 374 2071 ea
386 2011 443 2090 dies
458 2010 549 2074 ve'nitt
569 2009 710 2080 Carnutes,
729 2009 845 2069 Cotuato
860 2015 885 2066 δι
896 2009 1018 2068 Coneto·

58 2106 63 2114 ’
154 2094 229 2153 duno
240 2091 361 2161 ducibus,
372 2085 424 2150 des
438 2087 516 2150 et'atis
528 2087 692 2157 liminibus,
704 2087 851 2156 Genabum
864 2087 929 2146 dato
940 2087 1017 2164 ligno

153 2183 330 2230 concurrunt:
349 2109 473 2244 cive‘ddue
488 2165 635 2236 Romanos,
655 2167 702 2243 qui
716 2164 873 2244 negotiandi
886 2165 965 2238 causi
977 2164 1018 2224 ibi

153 2248 339 2313 constiteranta
359 2246 387 2304 in
400 2246 431 2302 iis
444 2243 477 2301 C.
489 2243 596 2300 Fufium
608 2243 727 2310 Cottam,
744 2243 882 2300 honestum
896 2242 1032 2318 equitem'

153 2326 319 2390 Romanum,
346 2325 393 2401 qui
413 2323 452 2378 rei
471 2318 653 2377 frumentariae
669 2317 739 2392 jussu
759 2315 869 2376 Caesaris
888 2333 1016 2394 praerate
1129 2349 1130 2364 2

153 2404 328 2460 interficiunt:
362 2398 488 2474 bonique
515 2415 608 2454 eorum
634 2394 773 2471 diripiunt.
815 2395 947 2452 Celeriter
979 2393 1016 2451 ad
1129 2405 1130 2432 ³

154 2500 248 2550 omncs
261 2478 360 2536 Galliae
376 2476 497 2535 civitates
511 2473 583 2530 fama
596 2471 742 2548 perfertur:
764 2477 848 2546 (nam,
869 2471 914 2528 ubi
928 2469 1016 2546 major

153 2573 233 2636 atque
253 2555 374 2613 illustrior
393 2549 486 2608 incidit
499 2569 557 2615 res;
569 2551 695 2626 -clamore
711 2569 761 2626 per
780 2568 860 2627 agros
879 2546 1015 2624 regioue‘s·

153 2654 207 2712 que
220 2630 382 2708 significant:
403 2627 475 2682 hunt
489 2625 534 2682 alii
547 2625 673 2702 deinceps
687 2627 830 2703 excipiunt,
851 2624 1016 2702 &proximis

153 2711 277 2770 tradunt:
298 2718 328 2764 ut
337 2717 403 2764 tunc
415 2702 522 2774 accidit)
537 2721 611 2770 nam,
632 2723 692 2780 quae
706 2702 814 2762 Genabi
834 2704 938 2761 oriente
953 2701 1015 2760 Sole

152 2789 224 2865 pella
236 2785 328 2849 client,
348 2793 411 2839 ante
423 2779 540 2857 primam
559 2777 711 2838 confectam
732 2780 853 2857 vigiliam
871 2779 899 2835 in
919 2777 1015 2836 linibus

151 2867 336 2922 Arvernorum
350 2857 442 2916 audita
450 2856 524 2936 sunt:
537 2857 612 2934 quod
625 2855 739 2933 spatium
751 2859 787 2914 est
799 2855 915 2914 millium
928 2855 1014 2932 paliu-

151 2961 196 3000 um
217 2941 321 2998 circiter
336 2954 405 2995 car.

189 3017 242 3075 IV.
271 3017 357 3074 Simili
377 3014 481 3072 ratione
507 3013 544 3070 ibi
564 3009 786 3088 Vercingetorix,
812 3007 915 3068 Celtilli
935 3007 1016 3074 filiun,

152 3094 300 3160 Arvernus,
311 3092 420 3150 summae
433 3093 560 3167 potentiae
574 3087 745 3155 adolescens;
763 3084 837 3160 cujus
851 3099 927 3162 pater
940 3084 1015 3160 prin-

151 3173 271 3246 cipatum
291 3170 388 3227 Galliae
408 3169 487 3224 totius
506 3167 671 3230 obtinuerat,
699 3169 733 3231 δι,
758 3161 796 3219 ob
816 3182 876 3220 cam
895 3159 1015 3226 causam,

151 3244 226 3325 quod
240 3263 368 3323 regnum
393 3244 547 3323 appetebat,
571 3241 607 3304 ab
625 3241 735 3302 civitate
761 3251 818 3300 erat
843 3233 1015 3298 interfectura

260 3359 264 3366 .
398 3329 402 3340 ·
910 3329 1016 3372 convo·
