2302 3782
87 115 227 192 ,330
405 92 457 166 A.
506 88 777 168 Hrnnr‘r

154 227 300 296 nonenim
321 224 631 304 laboraut'vigilan'tia,
655 226 778 306 cupienti
798 226 948 306 praesertim
965 232 1020 294 ali:

32 317 39 329 “
151 307 232 386 quid,
254 306 343 364 Cassio
356 305 460 364 deerat.
658 311 663 314 “
1010 379 1015 386 .

195 385 288 443 XLII.
309 383 557 442 Exercitueoaoo
579 383 610 442 in
629 402 715 442 unum
737 383 839 452 locum,
860 387 952 448 castris
978 389 1015 450 ad

154 461 317 522 Cordubam
386 463 449 529 fitis,
483 480 535 539 pro
572 463 707 520 concione
732 462 865 521 militibus
889 469 1016 544 exponit,
1127 481 1129 490 ’

152 558 221 616 quas
235 559 277 599 res
291 542 339 599 (ἐκ
351 541 403 598 aris
413 541 484 617 jussu
493 559 589 618 gerere
603 540 733 599 deberet:
754 541 954 622 polliceturque
968 547 1014 616 iis,

82 683 85 696 ,
150 635 240 696 quum
250 619 291 680 in
304 619 504 678 Mauritaniam
516 619 699 697 transjeciistt,
723 639 759 678 us
773 633 902 678 centenos
914 621 942 680 se
964 623 1017 682 dst-

150 707 264 764 turum3
285 717 305 756 v
318 697 380 756 sore
402 698 431 754 in
445 695 582 774 Hispania
593 697 743 776 legionem.
783 697 973 760 Exconcione
986 702 1016 763 se

151 774 315 835 Cordubam
336 776 450 854 recepit.
490 775 589 853 Eo'quc
610 776 669 855 ipso
689 775 745 846 die,
765 777 918 840 meridiana
930 779 1010 850 hors,
1128 835 1131 857 ,

174 871 239 912 uum
258 855 288 912 in
307 855 451 913 Basilicam
462 852 534 919 irett
555 855 668 932 quidam
681 855 818 926 Minutius
837 855 904 921 Silo,
928 857 1012 916 cliens
1129 860 1133 926 s

150 870 186 988 ἓ.
209 932 320 1000 Racilii,
340 931 475 1000 libellum,
495 935 570 1010 quasi
584 931 689 1010 aliquid
699 931 735 994 ab
754 952 790 991 eo
808 933 961 1012 postularet,
981 949 1014 995 ut

149 1008 239 1077 miles,
260 1011 287 1068 ei
310 1011 436 1069 transdit:
457 1011 559 1070 deinde
579 1011 639 1089 post
661 1011 811 1080 Racilium,
833 1017 907 1086 (nam
924 1013 946 1070 is
968 1013 1011 1071 la·

149 1096 194 1144 tus
208 1089 289 1146 cauri
320 1102 332 1146 t
368 1089 444 1164 ebat)
468 1089 545 1168 quasi
558 1087 717 1166 responsum
730 1090 766 1149 ab
778 1107 813 1148 eo
826 1103 938 1168 peteret,
964 1109 1010 1150 cc·

148 1161 245 1222 leniter
264 1166 331 1225 dato
361 1185 415 1226 oco
437 1187 524 1248 quum
536 1166 563 1228 se
575 1167 745 1236 insinudssctt
775 1169 876 1228 firmia
897 1169 1011 1248 corripit

148 1259 225 1311 eum,
245 1241 398 1322 dextrique
419 1245 461 1305 bis
484 1246 548 1306 ferit
569 1247 700 1328 pugione.
741 1246 873 1306 Clamore
896 1245 1012 1316 sublato,

150 1320 183 1380 fit
202 1319 219 1380 d
238 1323 387 1402 conjuratis
409 1325 528 1404 impetus
551 1325 690 1384 uniuersis.
730 1325 874 1384 Munatius
897 1325 1014 1384 Plancus
1141 1391 1142 1394 Ἴ

147 1400 307 1557 {eugippius
328 1403 422 1540 giladio
441 1404 575 1541 mmjiffit
596 1403 1011 1541 listorppn.THchmipter{pslpu
1141 1409 1142 1412 ’

180 1522 186 1535 .
282 1501 329 1541 um
366 1493 635 1542 eatumvuerat.
711 1503 782 1540 1.
874 1501 903 1540 us
1005 1516 1132 1541 ..·

143 1555 293 1638 Mergilio‚
312 1504 401 1620 sursilrg
415 1561 582 1620 considentis
594 1561 728 1618 Plancum
745 1561 915 1636 municipem
934 1559 1014 1620 suunt

147 1633 300 1710 adjuvant:
330 1653 409 1698 erant
432 1639 624 1697 enimomnes
647 1637 811 1694 Italicenses.
852 1638 900 1692 Ad
921 1638 1016 1714 ipsura
1129 1658 1132 1685 ¹

146 1708 309 1794 Longinum
334 1717 369 1772 L.
393 1715 515 1773 Licinius
539 1713 658 1789 Squillus
679 1713 794 1778 involat,
811 1712 1017 1792 jacente'mque

144 1789 252 1850 leuibus
265 1791 366 1851 sauciat
386 1791 484 1868 plagis.
527 1788 706 1846 Concurritur
730 1788 766 1847 ad
779 1788 898 1848 Caffium
913 1789 1014 1854 defen·
1128 1840 1131 1865 ,

144 1866 283 1928 dendum:
303 1869 411 1947 semper
423 1867 498 1926 enim
521 1865 861 1945 beronescomplure‘sque
875 1883 1010 1930 evocatos
1048 1867 1049 1872 ’

144 1959 208 2003 cum
221 1945 269 2004 teli
303 1943 397 2006 secum
418 1945 523 2006 habere
537 1943 733 2013 consueveram
753 1945 770 2004 ὲ
792 1945 891 2024 quibus
914 1949 1009 2014 caeteri

144 1967 373 2096 intercluduntur,
393 2025 442 2106 qui
462 2025 497 2084 ad
511 2023 615 2085 cadem
629 2024 795 2116 faciendam¹
809 2022 1012 2104 subsequeban-

143 2111 206 2161 tur:
238 2121 298 2182 quo
306 2105 335 2162 in
348 2123 465 2164 numero
477 2104 531 2163 fuit
542 2105 709 2182 Calpurnius
723 2104 877 2173 Salvianus,
897 2110 922 2162 oc
941 2106 1010 2184 Ma·
1132 2173 1136 2183 p

143 2179 224 2239 nilius
247 2183 393 2245 Tusculus.
432 2184 569 2242 Minutius
595 2183 667 2242 inter
691 2181 765 2251 saxa,
786 2203 848 2261 quae
866 2181 1011 2259 jaciebant

142 2257 293 2331 luitinere,
313 2261 422 2342 fugiens
443 2261 625 2342 opprimitur3
646 2267 682 2326 δι,
702 2261 791 2319 relato
812 2259 926 2320 domum
939 2261 1009 2321 Cas·
1076 2323 1079 2328 ,

142 2337 192 2406 sto,
212 2341 248 2398 ad
270 2361 334 2399 eum
347 2340 500 2404 deducitur.
541 2339 663 2398 Racilius
684 2339 714 2397 in
727 2339 883 2418 proximam
903 2338 932 2398 se
953 2339 1007 2399 do-

143 2433 222 2474 mum
245 2417 388 2478 samrhans
401 2419 449 2478 'sui
471 2417 589 2487 confert,
610 2417 677 2476 dum
690 2432 796 2477 certum
817 2417 1006 2498 cognosceret,

141 2493 316 2557 minuatne
330 2499 432 2556 Cadius
445 2499 518 2556 esset.
559 2497 594 2554 L.
610 2496 773 2565 Laterensis,
794 2517 880 2576 quum
900 2495 931 2554 id
947 2515 1008 2558 nou

141 2570 290 2644 dubitaret,
311 2575 430 2634 occurrit
441 2575 517 2634 latus
530 2573 559 2630 in
573 2573 677 2642 castra;
696 2575 828 2634 militibus
840 2575 1006 2644 vernaculis,

141 2653 168 2708 a
186 2651 311 2712 secundae
322 2653 449 2730 legionis,
469 2651 568 2730 quibus
590 2651 657 2710 odio
670 2652 773 2712 sciebat
784 2651 922 2734 praecipue
939 2652 1009 2712 Cas·

141 2725 211 2788 lium
233 2732 296 2798 esse,
316 2729 485 2810 gratulatum:
505 2730 648 2790 tonitura
670 2731 847 2792 multitudine
867 2733 897 2790 in
919 2731 1008 2793 subt·

140 2808 204 2866 nal:
234 2821 337 2887 prator
355 2809 527 2946 appellatup:
547 2829 632 2868 nemo
644 2811 719 2870 enirn
744 2823 792 2870 aut
811 2813 840 2870 in
859 2810 1006 2890 provincia

139 2899 230 2953 natus,
250 2902 298 2947 aut
318 2889 473 2946 vernaculae
487 2913 491 2922 ⁴
506 2889 611 2968 agionis
634 2889 724 2958 miles,
757 2895 804 2949 aut
824 2889 1005 2948 diuturnitate

136 2960 199 3037 jam
210 2962 297 3023 fastus
312 2967 505 3044 provincialia
527 2973 594 3046 (quo
614 2968 773 3026 innumero
791 2978 852 3028 erat
868 2987 894 3028 rr
914 2967 1004 3102 Ἓξ)

138 3057 198 3097 non
219 3056 295 3118 cumr
316 3045 394 3104 omni
418 3046 563 3129 provintia
574 3045 746 3106 consenserat
768 3047 882 3112 §nodie
975 3057 1006 3120 [a

140 3119 219 3188 snam
242 3118 365 3198 legiones
386 3125 445 3184 uuirt
467 3131 494 3186 ur
515 3145 578 3195 xxi,
599 3127 693 3204 paucis
715 3126 851 3188 mensibus
868 3126 898 3182 in
918 3122 1003 3183 Italis

137 3191 260 3273 scriptas,
281 3199 372 3259 Casas
385 3203 547 3265 attribuerat
560 3203 707 3298 Longino:
728 3227 748 3267 v
762 3207 839 3288 legio
853 3203 901 3264 ibi
913 3219 1007 3295 nuper

138 3285 200 3335 “st
220 3275 376 3354 wustffll„
409 3281 526 3349 menses
552 3298 700 3349 mactatur
723 3283 1006 3428 Latereufibppere
