<?xml version="1.0" encoding="UTF-8"?>
<!DOCTYPE html PUBLIC "-//W3C//DTD XHTML 1.0 Transitional//EN"
    "http://www.w3.org/TR/xhtml1/DTD/xhtml1-transitional.dtd">
<html xmlns="http://www.w3.org/1999/xhtml" xml:lang="en" lang="en">
 <head>
  <title>
</title>
<meta http-equiv="Content-Type" content="text/html;charset=utf-8" />
  <meta name='ocr-system' content='tesseract 3.04.00' />
  <meta name='ocr-capabilities' content='ocr_page ocr_carea ocr_par ocr_line ocrx_word'/>
</head>
<body>
  <div class='ocr_page' id='page_1' title='image "./cjuliicaesarise00mattgoog_0234.png"; bbox 0 0 2288 3776; ppageno 0'>
   <div class='ocr_carea' id='block_1_1' title="bbox 165 143 962 252">
    <p class='ocr_par' dir='ltr' id='par_1_1' title="bbox 165 143 962 252">
     <span class='ocr_line' id='line_1_1' title="bbox 165 143 962 252; baseline 0.016 -38"><span class='ocrx_word' id='word_1_1' title='bbox 165 157 235 217; x_wconf 69' lang='lat'>200</span> <span class='ocrx_word' id='word_1_2' title='bbox 299 143 962 252; x_wconf 34' lang='lat' dir='ltr'>-c.J·ur11cnsrnrs2j</span> 
     </span>
    </p>
   </div>
   <div class='ocr_carea' id='block_1_2' title="bbox 102 275 1026 892">
    <p class='ocr_par' dir='ltr' id='par_1_2' title="bbox 102 275 1026 892">
     <span class='ocr_line' id='line_1_2' title="bbox 161 275 1026 350; baseline 0.009 -18"><span class='ocrx_word' id='word_1_3' title='bbox 161 277 211 333; x_wconf 77' lang='lat' dir='ltr'>rit.</span> <span class='ocrx_word' id='word_1_4' title='bbox 251 275 307 350; x_wconf 84' lang='lat' dir='ltr'>Qui</span> <span class='ocrx_word' id='word_1_5' title='bbox 324 289 401 334; x_wconf 84' lang='lat' dir='ltr'>erant</span> <span class='ocrx_word' id='word_1_6' title='bbox 420 277 447 334; x_wconf 92' lang='lat' dir='ltr'>in</span> <span class='ocrx_word' id='word_1_7' title='bbox 461 297 550 350; x_wconf 89' lang='lat' dir='ltr'>rnuro,</span> <span class='ocrx_word' id='word_1_8' title='bbox 568 277 693 338; x_wconf 75' lang='lat' dir='ltr'>custodae</span> <span class='ocrx_word' id='word_1_9' title='bbox 714 277 802 345; x_wconf 72' lang='lat' dir='ltr'>musei,</span> <span class='ocrx_word' id='word_1_10' title='bbox 823 279 969 347; x_wconf 71' lang='lat' dir='ltr'>collocutit</span> <span class='ocrx_word' id='word_1_11' title='bbox 988 295 1026 340; x_wconf 80' lang='lat' dir='ltr'>eo</span> 
     </span>
     <span class='ocr_line' id='line_1_3' title="bbox 159 351 1025 434; baseline 0.006 -24"><span class='ocrx_word' id='word_1_12' title='bbox 159 351 247 428; x_wconf 79' lang='lat' dir='ltr'>figito,</span> <span class='ocrx_word' id='word_1_13' title='bbox 267 352 344 429; x_wconf 87' lang='lat' dir='ltr'>quod</span> <span class='ocrx_word' id='word_1_14' title='bbox 356 371 529 420; x_wconf 82' lang='lat' dir='ltr'>conuenerat,</span> <span class='ocrx_word' id='word_1_15' title='bbox 550 369 727 416; x_wconf 68' lang='lat' dir='ltr'>revocantum</span> <span class='ocrx_word' id='word_1_16' title='bbox 748 353 873 434; x_wconf 83' lang='lat' dir='ltr'>notisque</span> <span class='ocrx_word' id='word_1_17' title='bbox 884 356 1025 415; x_wconf 74' lang='lat' dir='ltr'>itineribus</span> 
     </span>
     <span class='ocr_line' id='line_1_4' title="bbox 159 430 1023 510; baseline 0.006 -24"><span class='ocrx_word' id='word_1_18' title='bbox 159 431 194 486; x_wconf 81' lang='lat' dir='ltr'>ad</span> <span class='ocrx_word' id='word_1_19' title='bbox 206 446 289 487; x_wconf 74' lang='lat' dir='ltr'>naver</span> <span class='ocrx_word' id='word_1_20' title='bbox 301 430 456 489; x_wconf 87' lang='lat' dir='ltr'>decurrunt.</span> <span class='ocrx_word' id='word_1_21' title='bbox 495 432 608 501; x_wconf 80' lang='lat' dir='ltr'>Milites,</span> <span class='ocrx_word' id='word_1_22' title='bbox 627 433 716 510; x_wconf 75' lang='lat' dir='ltr'>postis</span> <span class='ocrx_word' id='word_1_23' title='bbox 729 430 811 498; x_wconf 85' lang='lat' dir='ltr'>scalis,</span> <span class='ocrx_word' id='word_1_24' title='bbox 830 451 922 490; x_wconf 86' lang='lat' dir='ltr'>muros</span> <span class='ocrx_word' id='word_1_25' title='bbox 933 433 1023 491; x_wconf 90' lang='lat' dir='ltr'>ascen·</span> 
     </span>
     <span class='ocr_line' id='line_1_5' title="bbox 157 503 1025 587; baseline 0.006 -25"><span class='ocrx_word' id='word_1_26' title='bbox 157 506 241 562; x_wconf 86' lang='lat' dir='ltr'>dont:</span> <span class='ocrx_word' id='word_1_27' title='bbox 254 503 298 562; x_wconf 84' lang='lat' dir='ltr'>sed</span> <span class='ocrx_word' id='word_1_28' title='bbox 311 508 408 566; x_wconf 82' lang='lat' dir='ltr'>moniti</span> <span class='ocrx_word' id='word_1_29' title='bbox 417 505 612 576; x_wconf 74' lang='lat' dir='ltr'>dBrundisrnis,</span> <span class='ocrx_word' id='word_1_30' title='bbox 626 525 655 567; x_wconf 90' lang='lat' dir='ltr'>ut</span> <span class='ocrx_word' id='word_1_31' title='bbox 663 507 763 566; x_wconf 84' lang='lat' dir='ltr'>vallum</span> <span class='ocrx_word' id='word_1_32' title='bbox 773 527 876 566; x_wconf 81' lang='lat' dir='ltr'>caecum</span> <span class='ocrx_word' id='word_1_33' title='bbox 888 509 1025 587; x_wconf 63' lang='lat' dir='ltr'>sonasque</span> 
     </span>
     <span class='ocr_line' id='line_1_6' title="bbox 158 581 1025 662; baseline 0.002 -22"><span class='ocrx_word' id='word_1_34' title='bbox 158 594 281 651; x_wconf 66' lang='lat' dir='ltr'>cavent,</span> <span class='ocrx_word' id='word_1_35' title='bbox 299 581 445 654; x_wconf 83' lang='lat' dir='ltr'>subfistunt,</span> <span class='ocrx_word' id='word_1_36' title='bbox 470 585 592 662; x_wconf 83' lang='lat' dir='ltr'>&amp;longo</span> <span class='ocrx_word' id='word_1_37' title='bbox 612 586 708 644; x_wconf 86' lang='lat' dir='ltr'>itinere</span> <span class='ocrx_word' id='word_1_38' title='bbox 721 585 763 642; x_wconf 82' lang='lat' dir='ltr'>ab</span> <span class='ocrx_word' id='word_1_39' title='bbox 785 584 817 642; x_wconf 83' lang='lat' dir='ltr'>iis</span> <span class='ocrx_word' id='word_1_40' title='bbox 835 585 1025 646; x_wconf 76' lang='lat' dir='ltr'>circumduffi:</span> 
     </span>
     <span class='ocr_line' id='line_1_7' title="bbox 158 645 1022 739; baseline 0.003 -22"><span class='ocrx_word' id='word_1_41' title='bbox 158 660 195 717; x_wconf 79' lang='lat' dir='ltr'>ad</span> <span class='ocrx_word' id='word_1_42' title='bbox 218 673 327 736; x_wconf 86' lang='lat' dir='ltr'>portum</span> <span class='ocrx_word' id='word_1_43' title='bbox 349 661 526 738; x_wconf 81' lang='lat' dir='ltr'>perveniunt:</span> <span class='ocrx_word' id='word_1_44' title='bbox 545 661 673 739; x_wconf 70' lang='lat' dir='ltr'>duasque.</span> <span class='ocrx_word' id='word_1_45' title='bbox 690 681 773 720; x_wconf 85' lang='lat' dir='ltr'>naves</span> <span class='ocrx_word' id='word_1_46' title='bbox 796 681 859 720; x_wconf 86' lang='lat' dir='ltr'>curn</span> <span class='ocrx_word' id='word_1_47' title='bbox 881 645 1022 731; x_wconf 67' lang='lat' dir='ltr'>milibbus,</span> 
     </span>
     <span class='ocr_line' id='line_1_8' title="bbox 102 736 1026 818; baseline 0.002 -24"><span class='ocrx_word' id='word_1_48' title='bbox 102 745 110 761; x_wconf 58' lang='lat'>⁴·</span> <span class='ocrx_word' id='word_1_49' title='bbox 158 755 219 814; x_wconf 79' lang='lat' dir='ltr'>quae</span> <span class='ocrx_word' id='word_1_50' title='bbox 237 737 274 796; x_wconf 83' lang='lat' dir='ltr'>ad</span> <span class='ocrx_word' id='word_1_51' title='bbox 295 738 379 797; x_wconf 73' lang='lat' dir='ltr'>molet</span> <span class='ocrx_word' id='word_1_52' title='bbox 391 736 500 796; x_wconf 80' lang='lat' dir='ltr'>Caesaris</span> <span class='ocrx_word' id='word_1_53' title='bbox 520 738 695 806; x_wconf 84' lang='lat' dir='ltr'>adhaeserant,</span> <span class='ocrx_word' id='word_1_54' title='bbox 716 737 819 815; x_wconf 83' lang='lat' dir='ltr'>scaphis</span> <span class='ocrx_word' id='word_1_55' title='bbox 843 739 1026 818; x_wconf 68' lang='lat' dir='ltr'>lintribusque,</span> 
     </span>
     <span class='ocr_line' id='line_1_9' title="bbox 155 814 866 892; baseline 0.006 -22"><span class='ocrx_word' id='word_1_56' title='bbox 155 814 381 889; x_wconf 86' lang='lat' dir='ltr'>deprehendunt;</span> <span class='ocrx_word' id='word_1_57' title='bbox 400 815 587 892; x_wconf 84' lang='lat' dir='ltr'>deprehensas,</span> <span class='ocrx_word' id='word_1_58' title='bbox 607 815 756 892; x_wconf 81' lang='lat' dir='ltr'>excipiunt.</span> <span class='ocrx_word' id='word_1_59' title='bbox 863 859 866 865; x_wconf 83' lang='lat'><em>-</em></span> 
     </span>
    </p>
   </div>
   <div class='ocr_carea' id='block_1_3' title="bbox 195 889 1018 969">
    <p class='ocr_par' dir='ltr' id='par_1_3' title="bbox 195 889 1018 969">
     <span class='ocr_line' id='line_1_10' title="bbox 195 889 1018 969; baseline 0.006 -22"><span class='ocrx_word' id='word_1_60' title='bbox 195 891 334 950; x_wconf 86' lang='lat' dir='ltr'>XXVIII.</span> <span class='ocrx_word' id='word_1_61' title='bbox 356 889 462 956; x_wconf 73' lang='lat' dir='ltr'>Caesari</span> <span class='ocrx_word' id='word_1_62' title='bbox 481 893 528 950; x_wconf 87' lang='lat' dir='ltr'>etsi</span> <span class='ocrx_word' id='word_1_63' title='bbox 540 891 576 949; x_wconf 83' lang='lat' dir='ltr'>ad</span> <span class='ocrx_word' id='word_1_64' title='bbox 588 890 662 968; x_wconf 88' lang='lat' dir='ltr'>spem</span> <span class='ocrx_word' id='word_1_65' title='bbox 675 890 834 962; x_wconf 84' lang='lat' dir='ltr'>conficiendi</span> <span class='ocrx_word' id='word_1_66' title='bbox 847 894 949 969; x_wconf 88' lang='lat' dir='ltr'>negotii</span> <span class='ocrx_word' id='word_1_67' title='bbox 960 913 1018 956; x_wconf 81' lang='lat' dir='ltr'>nra·</span> 
     </span>
    </p>
   </div>
   <div class='ocr_carea' id='block_1_4' title="bbox 155 965 1122 1045">
    <p class='ocr_par' dir='ltr' id='par_1_4' title="bbox 155 965 1122 1045">
     <span class='ocr_line' id='line_1_11' title="bbox 155 965 1122 1045; baseline 0.003 -19"><span class='ocrx_word' id='word_1_68' title='bbox 155 965 237 1026; x_wconf 70' lang='lat' dir='ltr'>xinrb</span> <span class='ocrx_word' id='word_1_69' title='bbox 245 967 385 1045; x_wconf 84' lang='lat' dir='ltr'>probabat,</span> <span class='ocrx_word' id='word_1_70' title='bbox 404 969 503 1026; x_wconf 68' lang='lat' dir='ltr'>condis</span> <span class='ocrx_word' id='word_1_71' title='bbox 524 969 638 1026; x_wconf 79' lang='lat' dir='ltr'>navibus</span> <span class='ocrx_word' id='word_1_72' title='bbox 659 987 734 1028; x_wconf 81' lang='lat' dir='ltr'>mare</span> <span class='ocrx_word' id='word_1_73' title='bbox 752 969 872 1037; x_wconf 75' lang='lat' dir='ltr'>munstre,</span> <span class='ocrx_word' id='word_1_74' title='bbox 899 975 925 1027; x_wconf 70' lang='grc' dir='ltr'>ἀ</span> <span class='ocrx_word' id='word_1_75' title='bbox 937 970 1019 1029; x_wconf 87' lang='lat' dir='ltr'>Pom·</span> <span class='ocrx_word' id='word_1_76' title='bbox 1121 969 1122 998; x_wconf 62' lang='lat'>¹</span> 
     </span>
    </p>
   </div>
   <div class='ocr_carea' id='block_1_5' title="bbox 120 1042 1052 3044">
    <p class='ocr_par' dir='ltr' id='par_1_5' title="bbox 120 1042 1052 3044">
     <span class='ocr_line' id='line_1_12' title="bbox 155 1042 1019 1122; baseline 0.006 -21"><span class='ocrx_word' id='word_1_77' title='bbox 155 1047 245 1120; x_wconf 87' lang='lat' dir='ltr'>peium</span> <span class='ocrx_word' id='word_1_78' title='bbox 264 1043 349 1122; x_wconf 83' lang='lat' dir='ltr'>sequi,</span> <span class='ocrx_word' id='word_1_79' title='bbox 376 1044 450 1122; x_wconf 80' lang='lat' dir='ltr'>prilu</span> <span class='ocrx_word' id='word_1_80' title='bbox 472 1042 556 1120; x_wconf 68' lang='lat' dir='ltr'>quam</span> <span class='ocrx_word' id='word_1_81' title='bbox 575 1045 622 1104; x_wconf 90' lang='lat' dir='ltr'>ille</span> <span class='ocrx_word' id='word_1_82' title='bbox 644 1045 696 1102; x_wconf 89' lang='lat' dir='ltr'>sese</span> <span class='ocrx_word' id='word_1_83' title='bbox 714 1043 892 1102; x_wconf 80' lang='lat' dir='ltr'>transmarinis</span> <span class='ocrx_word' id='word_1_84' title='bbox 911 1047 1019 1106; x_wconf 78' lang='lat' dir='ltr'>auxiliis</span> 
     </span>
     <span class='ocr_line' id='line_1_13' title="bbox 154 1121 1014 1200; baseline 0 -19"><span class='ocrx_word' id='word_1_85' title='bbox 154 1121 337 1188; x_wconf 59' lang='lat' dir='ltr'>confirmarem</span> <span class='ocrx_word' id='word_1_86' title='bbox 359 1135 450 1180; x_wconf 84' lang='lat' dir='ltr'>tamen</span> <span class='ocrx_word' id='word_1_87' title='bbox 472 1123 512 1178; x_wconf 89' lang='lat' dir='ltr'>rei</span> <span class='ocrx_word' id='word_1_88' title='bbox 532 1121 586 1196; x_wconf 74' lang='lat' dir='ltr'>ejus</span> <span class='ocrx_word' id='word_1_89' title='bbox 611 1138 727 1190; x_wconf 85' lang='lat' dir='ltr'>moram,</span> <span class='ocrx_word' id='word_1_90' title='bbox 748 1121 928 1200; x_wconf 80' lang='lat' dir='ltr'>temporisque</span> <span class='ocrx_word' id='word_1_91' title='bbox 953 1123 1014 1181; x_wconf 88' lang='lat' dir='ltr'>lon-</span> 
     </span>
     <span class='ocr_line' id='line_1_14' title="bbox 153 1197 1017 1275; baseline 0.002 -20"><span class='ocrx_word' id='word_1_92' title='bbox 153 1199 343 1275; x_wconf 86' lang='lat' dir='ltr'>ginquitatem,</span> <span class='ocrx_word' id='word_1_93' title='bbox 362 1197 490 1256; x_wconf 83' lang='lat' dir='ltr'>timebat:</span> <span class='ocrx_word' id='word_1_94' title='bbox 523 1197 598 1274; x_wconf 83' lang='lat' dir='ltr'>quod</span> <span class='ocrx_word' id='word_1_95' title='bbox 621 1201 747 1258; x_wconf 73' lang='lat' dir='ltr'>erunibus</span> <span class='ocrx_word' id='word_1_96' title='bbox 768 1201 867 1256; x_wconf 77' lang='lat' dir='ltr'>coadlis</span> <span class='ocrx_word' id='word_1_97' title='bbox 893 1199 1017 1267; x_wconf 82' lang='lat' dir='ltr'>navibus,</span> 
     </span>
     <span class='ocr_line' id='line_1_15' title="bbox 152 1272 1016 1354; baseline 0.002 -22"><span class='ocrx_word' id='word_1_98' title='bbox 152 1277 296 1354; x_wconf 83' lang='lat' dir='ltr'>Pompeius</span> <span class='ocrx_word' id='word_1_99' title='bbox 313 1273 470 1352; x_wconf 69' lang='lat' dir='ltr'>presentem</span> <span class='ocrx_word' id='word_1_100' title='bbox 489 1272 644 1334; x_wconf 80' lang='lat' dir='ltr'>facultatem</span> <span class='ocrx_word' id='word_1_101' title='bbox 665 1276 822 1352; x_wconf 83' lang='lat' dir='ltr'>insequendi</span> <span class='ocrx_word' id='word_1_102' title='bbox 843 1273 881 1333; x_wconf 89' lang='lat' dir='ltr'>sui</span> <span class='ocrx_word' id='word_1_103' title='bbox 907 1277 1016 1335; x_wconf 86' lang='lat' dir='ltr'>ademe-</span> 
     </span>
     <span class='ocr_line' id='line_1_16' title="bbox 152 1351 1016 1430; baseline 0.002 -20"><span class='ocrx_word' id='word_1_104' title='bbox 152 1367 203 1410; x_wconf 84' lang='lat' dir='ltr'>rat.</span> <span class='ocrx_word' id='word_1_105' title='bbox 244 1351 467 1428; x_wconf 77' lang='lat' dir='ltr'>Relinquebatur,</span> <span class='ocrx_word' id='word_1_106' title='bbox 492 1366 522 1408; x_wconf 87' lang='lat' dir='ltr'>ut</span> <span class='ocrx_word' id='word_1_107' title='bbox 551 1371 585 1410; x_wconf 83' lang='lat' dir='ltr'>ex</span> <span class='ocrx_word' id='word_1_108' title='bbox 609 1353 841 1429; x_wconf 73' lang='lat' dir='ltr'>longinquioribus</span> <span class='ocrx_word' id='word_1_109' title='bbox 862 1355 1016 1430; x_wconf 79' lang='lat' dir='ltr'>regionibus</span> 
     </span>
     <span class='ocr_line' id='line_1_17' title="bbox 153 1424 1015 1508; baseline 0.001 -20"><span class='ocrx_word' id='word_1_110' title='bbox 153 1431 262 1500; x_wconf 82' lang='lat' dir='ltr'>Galliae,</span> <span class='ocrx_word' id='word_1_111' title='bbox 281 1428 439 1506; x_wconf 82' lang='lat' dir='ltr'>Picenique,</span> <span class='ocrx_word' id='word_1_112' title='bbox 460 1424 514 1506; x_wconf 71' lang='lat' dir='ltr'>&amp;d</span> <span class='ocrx_word' id='word_1_113' title='bbox 526 1427 547 1484; x_wconf 88' lang='lat' dir='ltr'>F</span> <span class='ocrx_word' id='word_1_114' title='bbox 549 1443 609 1488; x_wconf 83' lang='lat' dir='ltr'>reto</span> <span class='ocrx_word' id='word_1_115' title='bbox 622 1449 703 1488; x_wconf 87' lang='lat' dir='ltr'>naves</span> <span class='ocrx_word' id='word_1_116' title='bbox 716 1429 799 1486; x_wconf 84' lang='lat' dir='ltr'>essent</span> <span class='ocrx_word' id='word_1_117' title='bbox 812 1429 1015 1508; x_wconf 71' lang='lat' dir='ltr'>exspeslandae:</span> 
     </span>
     <span class='ocr_line' id='line_1_18' title="bbox 150 1505 1016 1584; baseline 0.001 -19"><span class='ocrx_word' id='word_1_118' title='bbox 150 1510 197 1567; x_wconf 75' lang='lat' dir='ltr'>sed</span> <span class='ocrx_word' id='word_1_119' title='bbox 216 1509 255 1577; x_wconf 90' lang='lat' dir='ltr'>id,</span> <span class='ocrx_word' id='word_1_120' title='bbox 309 1519 385 1582; x_wconf 86' lang='lat' dir='ltr'>opter</span> <span class='ocrx_word' id='word_1_121' title='bbox 403 1505 470 1564; x_wconf 89' lang='lat' dir='ltr'>anui</span> <span class='ocrx_word' id='word_1_122' title='bbox 490 1517 606 1582; x_wconf 76' lang='lat' dir='ltr'>tempus,</span> <span class='ocrx_word' id='word_1_123' title='bbox 622 1507 736 1582; x_wconf 87' lang='lat' dir='ltr'>longum</span> <span class='ocrx_word' id='word_1_124' title='bbox 754 1519 836 1582; x_wconf 88' lang='lat' dir='ltr'>atque</span> <span class='ocrx_word' id='word_1_125' title='bbox 854 1508 1016 1584; x_wconf 87' lang='lat' dir='ltr'>impeditum</span> 
     </span>
     <span class='ocr_line' id='line_1_19' title="bbox 151 1527 1016 1686; baseline -0.002 -43"><span class='ocrx_word' id='word_1_126' title='bbox 151 1527 446 1686; x_wconf 43' lang='lat' dir='ltr'>videbatuffiglnterea</span> <span class='ocrx_word' id='word_1_127' title='bbox 464 1596 585 1641; x_wconf 86' lang='lat' dir='ltr'>veterem</span> <span class='ocrx_word' id='word_1_128' title='bbox 607 1583 766 1651; x_wconf 86' lang='lat' dir='ltr'>exercitum,</span> <span class='ocrx_word' id='word_1_129' title='bbox 786 1583 853 1640; x_wconf 81' lang='lat' dir='ltr'>duaa</span> <span class='ocrx_word' id='word_1_130' title='bbox 871 1583 1016 1660; x_wconf 78' lang='lat' dir='ltr'>Hispaniae</span> 
     </span>
     <span class='ocr_line' id='line_1_20' title="bbox 151 1659 1025 1736; baseline -0.001 -16"><span class='ocrx_word' id='word_1_131' title='bbox 151 1660 322 1724; x_wconf 86' lang='lat' dir='ltr'>uonlirmari;</span> <span class='ocrx_word' id='word_1_132' title='bbox 357 1663 483 1734; x_wconf 81' lang='lat' dir='ltr'>(quarum</span> <span class='ocrx_word' id='word_1_133' title='bbox 515 1661 601 1718; x_wconf 86' lang='lat' dir='ltr'>altera</span> <span class='ocrx_word' id='word_1_134' title='bbox 632 1673 691 1718; x_wconf 84' lang='lat' dir='ltr'>erat</span> <span class='ocrx_word' id='word_1_135' title='bbox 721 1659 847 1717; x_wconf 86' lang='lat' dir='ltr'>maximis</span> <span class='ocrx_word' id='word_1_136' title='bbox 880 1659 1025 1736; x_wconf 77' lang='lat' dir='ltr'>beneficiis¹</span> 
     </span>
     <span class='ocr_line' id='line_1_21' title="bbox 150 1735 1016 1812; baseline 0.002 -16"><span class='ocrx_word' id='word_1_137' title='bbox 150 1740 216 1797; x_wconf 84' lang='lat' dir='ltr'>Pom</span> <span class='ocrx_word' id='word_1_138' title='bbox 254 1741 273 1795; x_wconf 89' lang='lat' dir='ltr'>ii</span> <span class='ocrx_word' id='word_1_139' title='bbox 300 1737 435 1806; x_wconf 74' lang='lat' dir='ltr'>devintla)</span> <span class='ocrx_word' id='word_1_140' title='bbox 462 1735 573 1804; x_wconf 81' lang='lat' dir='ltr'>auxilia,</span> <span class='ocrx_word' id='word_1_141' title='bbox 598 1736 747 1812; x_wconf 82' lang='lat' dir='ltr'>equitatum</span> <span class='ocrx_word' id='word_1_142' title='bbox 767 1735 871 1810; x_wconf 77' lang='lat' dir='ltr'>pararie</span> <span class='ocrx_word' id='word_1_143' title='bbox 891 1735 1016 1798; x_wconf 79' lang='lat' dir='ltr'>Galliam</span> 
     </span>
     <span class='ocr_line' id='line_1_22' title="bbox 150 1811 1012 1890; baseline -0.002 -16"><span class='ocrx_word' id='word_1_144' title='bbox 150 1816 315 1890; x_wconf 77' lang='lat' dir='ltr'>italiamque</span> <span class='ocrx_word' id='word_1_145' title='bbox 327 1813 434 1880; x_wconf 86' lang='lat' dir='ltr'>tentari,</span> <span class='ocrx_word' id='word_1_146' title='bbox 456 1811 483 1868; x_wconf 87' lang='lat' dir='ltr'>le</span> <span class='ocrx_word' id='word_1_147' title='bbox 498 1813 614 1880; x_wconf 83' lang='lat' dir='ltr'>absente,</span> <span class='ocrx_word' id='word_1_148' title='bbox 633 1811 754 1870; x_wconf 78' lang='lat' dir='ltr'>nolebat·</span> <span class='ocrx_word' id='word_1_149' title='bbox 791 1811 890 1887; x_wconf 85' lang='lat' dir='ltr'>Itaque</span> <span class='ocrx_word' id='word_1_150' title='bbox 902 1813 930 1869; x_wconf 91' lang='lat' dir='ltr'>in</span> <span class='ocrx_word' id='word_1_151' title='bbox 943 1833 1012 1889; x_wconf 83' lang='lat' dir='ltr'>prae·</span> 
     </span>
     <span class='ocr_line' id='line_1_23' title="bbox 149 1887 1013 1967; baseline 0 -17"><span class='ocrx_word' id='word_1_152' title='bbox 149 1891 242 1959; x_wconf 68' lang='lat' dir='ltr'>scirtii,</span> <span class='ocrx_word' id='word_1_153' title='bbox 263 1889 384 1966; x_wconf 72' lang='lat' dir='ltr'>Pompeii</span> <span class='ocrx_word' id='word_1_154' title='bbox 406 1888 562 1966; x_wconf 85' lang='lat' dir='ltr'>insequendi</span> <span class='ocrx_word' id='word_1_155' title='bbox 585 1889 718 1948; x_wconf 81' lang='lat' dir='ltr'>rationem</span> <span class='ocrx_word' id='word_1_156' title='bbox 738 1887 853 1958; x_wconf 84' lang='lat' dir='ltr'>omittit:</span> <span class='ocrx_word' id='word_1_157' title='bbox 874 1890 902 1946; x_wconf 91' lang='lat' dir='ltr'>in</span> <span class='ocrx_word' id='word_1_158' title='bbox 914 1889 1013 1967; x_wconf 59' lang='lat' dir='ltr'>Hispa*</span> 
     </span>
     <span class='ocr_line' id='line_1_24' title="bbox 148 1965 1016 2046; baseline -0.005 -16"><span class='ocrx_word' id='word_1_159' title='bbox 148 1973 225 2030; x_wconf 88' lang='lat' dir='ltr'>niam</span> <span class='ocrx_word' id='word_1_160' title='bbox 239 1966 368 2046; x_wconf 83' lang='lat' dir='ltr'>proficisci</span> <span class='ocrx_word' id='word_1_161' title='bbox 380 1968 527 2026; x_wconf 81' lang='lat' dir='ltr'>constituit:</span> <span class='ocrx_word' id='word_1_162' title='bbox 549 1967 644 2026; x_wconf 88' lang='lat' dir='ltr'>Duum</span> <span class='ocrx_word' id='word_1_163' title='bbox 658 1965 721 2024; x_wconf 83' lang='lat' dir='ltr'>viris</span> <span class='ocrx_word' id='word_1_164' title='bbox 734 1966 941 2042; x_wconf 86' lang='lat' dir='ltr'>municipiorum</span> <span class='ocrx_word' id='word_1_165' title='bbox 955 1987 1016 2026; x_wconf 87' lang='lat' dir='ltr'>orn·</span> 
     </span>
     <span class='ocr_line' id='line_1_25' title="bbox 148 2041 1014 2124; baseline -0.003 -19"><span class='ocrx_word' id='word_1_166' title='bbox 148 2048 224 2112; x_wconf 81' lang='lat' dir='ltr'>nium</span> <span class='ocrx_word' id='word_1_167' title='bbox 247 2048 370 2124; x_wconf 81' lang='lat' dir='ltr'>imperat,</span> <span class='ocrx_word' id='word_1_168' title='bbox 390 2059 419 2102; x_wconf 89' lang='lat' dir='ltr'>ut</span> <span class='ocrx_word' id='word_1_169' title='bbox 438 2063 520 2103; x_wconf 68' lang='lat' dir='ltr'>nauesv</span> <span class='ocrx_word' id='word_1_170' title='bbox 537 2046 710 2122; x_wconf 84' lang='lat' dir='ltr'>conquirant,</span> <span class='ocrx_word' id='word_1_171' title='bbox 730 2041 955 2122; x_wconf 77' lang='lat' dir='ltr'>Brundisiumque</span> <span class='ocrx_word' id='word_1_172' title='bbox 966 2047 1014 2102; x_wconf 85' lang='lat' dir='ltr'>de·</span> 
     </span>
     <span class='ocr_line' id='line_1_26' title="bbox 148 2121 1012 2198; baseline -0.005 -16"><span class='ocrx_word' id='word_1_173' title='bbox 148 2125 282 2183; x_wconf 80' lang='lat' dir='ltr'>ducendas</span> <span class='ocrx_word' id='word_1_174' title='bbox 296 2134 398 2182; x_wconf 89' lang='lat' dir='ltr'>curent.</span> <span class='ocrx_word' id='word_1_175' title='bbox 437 2121 526 2180; x_wconf 87' lang='lat' dir='ltr'>Mittit</span> <span class='ocrx_word' id='word_1_176' title='bbox 534 2122 562 2178; x_wconf 90' lang='lat' dir='ltr'>in</span> <span class='ocrx_word' id='word_1_177' title='bbox 573 2122 735 2188; x_wconf 86' lang='lat' dir='ltr'>Sardiniam,</span> <span class='ocrx_word' id='word_1_178' title='bbox 755 2139 818 2178; x_wconf 86' lang='lat' dir='ltr'>cum</span> <span class='ocrx_word' id='word_1_179' title='bbox 831 2121 940 2198; x_wconf 85' lang='lat' dir='ltr'>legione</span> <span class='ocrx_word' id='word_1_180' title='bbox 950 2121 1012 2188; x_wconf 73' lang='lat' dir='ltr'>und,</span> 
     </span>
     <span class='ocr_line' id='line_1_27' title="bbox 120 2193 1013 2278; baseline -0.004 -18"><span class='ocrx_word' id='word_1_181' title='bbox 120 2193 123 2201; x_wconf 63' lang='grc'>’</span> <span class='ocrx_word' id='word_1_182' title='bbox 150 2201 292 2260; x_wconf 83' lang='lat' dir='ltr'>Valerium</span> <span class='ocrx_word' id='word_1_183' title='bbox 314 2201 450 2278; x_wconf 69' lang='lat' dir='ltr'>legatum</span> <span class='ocrx_word' id='word_1_184' title='bbox 480 2199 509 2256; x_wconf 92' lang='lat' dir='ltr'>in</span> <span class='ocrx_word' id='word_1_185' title='bbox 529 2200 656 2264; x_wconf 83' lang='lat' dir='ltr'>Siciliain,</span> <span class='ocrx_word' id='word_1_186' title='bbox 689 2197 839 2254; x_wconf 87' lang='lat' dir='ltr'>Curionem</span> <span class='ocrx_word' id='word_1_187' title='bbox 863 2212 1013 2274; x_wconf 69' lang='lat' dir='ltr'>propraeto-</span> 
     </span>
     <span class='ocr_line' id='line_1_28' title="bbox 128 2273 1012 2354; baseline -0.01 -14"><span class='ocrx_word' id='word_1_188' title='bbox 128 2281 205 2340; x_wconf 74' lang='lat' dir='ltr'>&#39;rem</span> <span class='ocrx_word' id='word_1_189' title='bbox 224 2299 288 2338; x_wconf 87' lang='lat' dir='ltr'>curn</span> <span class='ocrx_word' id='word_1_190' title='bbox 307 2274 456 2354; x_wconf 79' lang='lat' dir='ltr'>legionibus</span> <span class='ocrx_word' id='word_1_191' title='bbox 480 2295 548 2333; x_wconf 86' lang='lat' dir='ltr'>rrr:</span> <span class='ocrx_word' id='word_1_192' title='bbox 568 2275 694 2338; x_wconf 87' lang='lat' dir='ltr'>eundem,</span> <span class='ocrx_word' id='word_1_193' title='bbox 744 2289 808 2328; x_wconf 86' lang='lat' dir='ltr'>uum</span> <span class='ocrx_word' id='word_1_194' title='bbox 826 2273 945 2332; x_wconf 86' lang='lat' dir='ltr'>Siciliam</span> <span class='ocrx_word' id='word_1_195' title='bbox 969 2293 1012 2334; x_wconf 91' lang='lat' dir='ltr'>re-</span> 
     </span>
     <span class='ocr_line' id='line_1_29' title="bbox 146 2347 1013 2435; baseline -0.009 -16"><span class='ocrx_word' id='word_1_196' title='bbox 146 2357 264 2435; x_wconf 74' lang='lat' dir='ltr'>cepisset,</span> <span class='ocrx_word' id='word_1_197' title='bbox 295 2355 418 2434; x_wconf 78' lang='lat' dir='ltr'>protinur</span> <span class='ocrx_word' id='word_1_198' title='bbox 449 2353 479 2409; x_wconf 93' lang='lat' dir='ltr'>in</span> <span class='ocrx_word' id='word_1_199' title='bbox 511 2350 634 2410; x_wconf 81' lang='lat' dir='ltr'>Africam</span> <span class='ocrx_word' id='word_1_200' title='bbox 735 2347 833 2405; x_wconf 87' lang='lat' dir='ltr'>ducere</span> <span class='ocrx_word' id='word_1_201' title='bbox 864 2351 1013 2412; x_wconf 86' lang='lat' dir='ltr'>exereitum</span> 
     </span>
     <span class='ocr_line' id='line_1_30' title="bbox 144 2434 227 2492; baseline 0 0"><span class='ocrx_word' id='word_1_202' title='bbox 144 2434 227 2492; x_wconf 77' lang='lat' dir='ltr'>‘ubet</span> 
     </span>
     <span class='ocr_line' id='line_1_31' title="bbox 140 2455 1014 2570; baseline -0.008 -1"><span class='ocrx_word' id='word_1_203' title='bbox 140 2455 154 2512; x_wconf 60' lang='lat' dir='ltr'>J</span> <span class='ocrx_word' id='word_1_204' title='bbox 186 2510 294 2568; x_wconf 81' lang='lat' dir='ltr'>XXIX.</span> <span class='ocrx_word' id='word_1_205' title='bbox 315 2497 467 2566; x_wconf 83' lang='lat' dir='ltr'>Sardiniam</span> <span class='ocrx_word' id='word_1_206' title='bbox 480 2503 620 2564; x_wconf 85' lang='lat' dir='ltr'>obtinebat</span> <span class='ocrx_word' id='word_1_207' title='bbox 632 2501 676 2558; x_wconf 91' lang='lat' dir='ltr'>M.</span> <span class='ocrx_word' id='word_1_208' title='bbox 696 2499 799 2568; x_wconf 75' lang='lat' dir='ltr'>Cottae</span> <span class='ocrx_word' id='word_1_209' title='bbox 819 2497 945 2570; x_wconf 82' lang='lat' dir='ltr'>Siciliam,</span> <span class='ocrx_word' id='word_1_210' title='bbox 966 2502 1014 2568; x_wconf 88' lang='lat' dir='ltr'>M.</span> 
     </span>
     <span class='ocr_line' id='line_1_32' title="bbox 146 2577 1014 2648; baseline -0.007 -2"><span class='ocrx_word' id='word_1_211' title='bbox 146 2589 237 2648; x_wconf 87' lang='lat' dir='ltr'>Cato:</span> <span class='ocrx_word' id='word_1_212' title='bbox 257 2585 380 2642; x_wconf 76' lang='lat' dir='ltr'>Africani</span> <span class='ocrx_word' id='word_1_213' title='bbox 406 2583 475 2640; x_wconf 91' lang='lat' dir='ltr'>sorte</span> <span class='ocrx_word' id='word_1_214' title='bbox 489 2581 605 2639; x_wconf 85' lang='lat' dir='ltr'>Tubero</span> <span class='ocrx_word' id='word_1_215' title='bbox 626 2577 750 2637; x_wconf 85' lang='lat' dir='ltr'>obtinere</span> <span class='ocrx_word' id='word_1_216' title='bbox 765 2577 889 2639; x_wconf 85' lang='lat' dir='ltr'>debebat.</span> <span class='ocrx_word' id='word_1_217' title='bbox 927 2578 1014 2640; x_wconf 79' lang='lat' dir='ltr'>Cata·</span> 
     </span>
     <span class='ocr_line' id='line_1_33' title="bbox 147 2655 1022 2732; baseline -0.008 -7"><span class='ocrx_word' id='word_1_218' title='bbox 147 2666 236 2732; x_wconf 77' lang='lat' dir='ltr'>lirani,</span> <span class='ocrx_word' id='word_1_219' title='bbox 256 2661 333 2718; x_wconf 85' lang='lat' dir='ltr'>simul</span> <span class='ocrx_word' id='word_1_220' title='bbox 349 2659 387 2714; x_wconf 86' lang='lat' dir='ltr'>ad</span> <span class='ocrx_word' id='word_1_221' title='bbox 407 2656 434 2714; x_wconf 87' lang='lat' dir='ltr'>se</span> <span class='ocrx_word' id='word_1_222' title='bbox 447 2659 588 2724; x_wconf 83' lang='lat' dir='ltr'>Valerium</span> <span class='ocrx_word' id='word_1_223' title='bbox 607 2655 677 2714; x_wconf 85' lang='lat' dir='ltr'>mitti</span> <span class='ocrx_word' id='word_1_224' title='bbox 700 2655 858 2721; x_wconf 85' lang='lat' dir='ltr'>audierunt;</span> <span class='ocrx_word' id='word_1_225' title='bbox 887 2657 1022 2718; x_wconf 86' lang='lat' dir='ltr'>nondum</span> 
     </span>
     <span class='ocr_line' id='line_1_34' title="bbox 146 2732 1011 2824; baseline -0.008 -25"><span class='ocrx_word' id='word_1_226' title='bbox 146 2740 270 2824; x_wconf 75' lang='lat' dir='ltr'>profesio</span> <span class='ocrx_word' id='word_1_227' title='bbox 294 2755 329 2794; x_wconf 84' lang='lat' dir='ltr'>ex</span> <span class='ocrx_word' id='word_1_228' title='bbox 350 2733 439 2800; x_wconf 72' lang='lat' dir='ltr'>Italia,</span> <span class='ocrx_word' id='word_1_229' title='bbox 466 2733 512 2792; x_wconf 80' lang='lat' dir='ltr'>sual</span> <span class='ocrx_word' id='word_1_230' title='bbox 537 2733 632 2810; x_wconf 87' lang='lat' dir='ltr'>sponte</span> <span class='ocrx_word' id='word_1_231' title='bbox 655 2751 690 2790; x_wconf 86' lang='lat' dir='ltr'>ex</span> <span class='ocrx_word' id='word_1_232' title='bbox 710 2733 812 2810; x_wconf 88' lang='lat' dir='ltr'>oppido</span> <span class='ocrx_word' id='word_1_233' title='bbox 830 2732 943 2792; x_wconf 82' lang='lat' dir='ltr'>Cottam</span> <span class='ocrx_word' id='word_1_234' title='bbox 964 2734 1011 2808; x_wconf 84' lang='lat' dir='ltr'>eji-</span> 
     </span>
     <span class='ocr_line' id='line_1_35' title="bbox 148 2809 1011 2887; baseline -0.009 -11"><span class='ocrx_word' id='word_1_235' title='bbox 148 2821 236 2882; x_wconf 84' lang='lat' dir='ltr'>ciunt.&#39;</span> <span class='ocrx_word' id='word_1_236' title='bbox 272 2814 321 2871; x_wconf 90' lang='lat' dir='ltr'>llle</span> <span class='ocrx_word' id='word_1_237' title='bbox 343 2810 504 2887; x_wconf 77' lang='lat' dir='ltr'>perterritus,</span> <span class='ocrx_word' id='word_1_238' title='bbox 524 2809 604 2886; x_wconf 70' lang='lat' dir='ltr'>qudd&#39;</span> <span class='ocrx_word' id='word_1_239' title='bbox 624 2827 733 2868; x_wconf 85' lang='lat' dir='ltr'>omnem</span> <span class='ocrx_word' id='word_1_240' title='bbox 756 2809 923 2884; x_wconf 86' lang='lat' dir='ltr'>provinciam</span> <span class='ocrx_word' id='word_1_241' title='bbox 943 2830 1011 2868; x_wconf 85' lang='lat' dir='ltr'>con·</span> 
     </span>
     <span class='ocr_line' id='line_1_36' title="bbox 146 2884 1052 2966; baseline -0.014 -9"><span class='ocrx_word' id='word_1_242' title='bbox 146 2898 243 2958; x_wconf 84' lang='lat' dir='ltr'>sentire</span> <span class='ocrx_word' id='word_1_243' title='bbox 263 2891 432 2966; x_wconf 85' lang='lat' dir='ltr'>intelligeret,</span> <span class='ocrx_word' id='word_1_244' title='bbox 466 2904 500 2942; x_wconf 85' lang='lat' dir='ltr'>ex</span> <span class='ocrx_word' id='word_1_245' title='bbox 521 2887 644 2945; x_wconf 76' lang='lat' dir='ltr'>Sardiniai</span> <span class='ocrx_word' id='word_1_246' title='bbox 678 2887 705 2943; x_wconf 91' lang='lat' dir='ltr'>in</span> <span class='ocrx_word' id='word_1_247' title='bbox 731 2884 854 2944; x_wconf 84' lang='lat' dir='ltr'>Africam</span> <span class='ocrx_word' id='word_1_248' title='bbox 882 2887 1011 2964; x_wconf 87' lang='lat' dir='ltr'>profugit.</span> <span class='ocrx_word' id='word_1_249' title='bbox 1049 2915 1052 2921; x_wconf 93' lang='lat'>·</span> 
     </span>
     <span class='ocr_line' id='line_1_37' title="bbox 146 2962 1010 3044; baseline -0.013 -12"><span class='ocrx_word' id='word_1_250' title='bbox 146 2975 217 3032; x_wconf 84' lang='lat' dir='ltr'>Cato</span> <span class='ocrx_word' id='word_1_251' title='bbox 243 2973 271 3028; x_wconf 90' lang='lat' dir='ltr'>in</span> <span class='ocrx_word' id='word_1_252' title='bbox 295 2967 385 3028; x_wconf 71' lang='lat' dir='ltr'>sictut</span> <span class='ocrx_word' id='word_1_253' title='bbox 410 2981 492 3020; x_wconf 82' lang='lat' dir='ltr'>naues</span> <span class='ocrx_word' id='word_1_254' title='bbox 517 2963 611 3044; x_wconf 79' lang='lat' dir='ltr'>longas</span> <span class='ocrx_word' id='word_1_255' title='bbox 633 2977 735 3022; x_wconf 82' lang='lat' dir='ltr'>veteres</span> <span class='ocrx_word' id='word_1_256' title='bbox 760 2962 1010 3042; x_wconf 79' lang='lat' dir='ltr'>reficiebat„nqvar</span> 
     </span>
    </p>
   </div>
   <div class='ocr_carea' id='block_1_6' title="bbox 146 3040 1122 3120">
    <p class='ocr_par' dir='ltr' id='par_1_6' title="bbox 146 3040 1122 3120">
     <span class='ocr_line' id='line_1_38' title="bbox 146 3040 1122 3120; baseline -0.013 -11"><span class='ocrx_word' id='word_1_257' title='bbox 146 3047 297 3109; x_wconf 79' lang='lat' dir='ltr'>ciuitatibus</span> <span class='ocrx_word' id='word_1_258' title='bbox 325 3041 490 3120; x_wconf 85' lang='lat' dir='ltr'>imperabat:</span> <span class='ocrx_word' id='word_1_259' title='bbox 513 3040 569 3100; x_wconf 84' lang='lat' dir='ltr'>liaec</span> <span class='ocrx_word' id='word_1_260' title='bbox 591 3060 694 3117; x_wconf 83' lang='lat' dir='ltr'>magno</span> <span class='ocrx_word' id='word_1_261' title='bbox 720 3041 805 3098; x_wconf 85' lang='lat' dir='ltr'>studio</span> <span class='ocrx_word' id='word_1_262' title='bbox 832 3041 948 3114; x_wconf 84' lang='lat' dir='ltr'>agebat:</span> <span class='ocrx_word' id='word_1_263' title='bbox 980 3043 1009 3098; x_wconf 91' lang='lat' dir='ltr'>in</span> <span class='ocrx_word' id='word_1_264' title='bbox 1121 3047 1122 3058; x_wconf 62' lang='lat'>¹</span> 
     </span>
    </p>
   </div>
   <div class='ocr_carea' id='block_1_7' title="bbox 147 3116 1010 3272">
    <p class='ocr_par' dir='ltr' id='par_1_7' title="bbox 147 3116 1010 3272">
     <span class='ocr_line' id='line_1_39' title="bbox 147 3116 1009 3196; baseline -0.013 -10"><span class='ocrx_word' id='word_1_265' title='bbox 147 3124 262 3186; x_wconf 79' lang='lat' dir='ltr'>Lucanis</span> <span class='ocrx_word' id='word_1_266' title='bbox 282 3119 439 3196; x_wconf 65' lang='lat' dir='ltr'>Brutusque,</span> <span class='ocrx_word' id='word_1_267' title='bbox 466 3137 513 3196; x_wconf 84' lang='lat' dir='ltr'>per</span> <span class='ocrx_word' id='word_1_268' title='bbox 532 3117 635 3194; x_wconf 80' lang='lat' dir='ltr'>legatos</span> <span class='ocrx_word' id='word_1_269' title='bbox 654 3117 722 3185; x_wconf 83' lang='lat' dir='ltr'>suos,</span> <span class='ocrx_word' id='word_1_270' title='bbox 740 3116 843 3174; x_wconf 86' lang='lat' dir='ltr'>civium</span> <span class='ocrx_word' id='word_1_271' title='bbox 860 3117 897 3175; x_wconf 81' lang='lat' dir='ltr'>R.</span> <span class='ocrx_word' id='word_1_272' title='bbox 919 3117 1009 3176; x_wconf 89' lang='lat' dir='ltr'>delec-</span> 
     </span>
     <span class='ocr_line' id='line_1_40' title="bbox 147 3195 1010 3272; baseline -0.01 -12"><span class='ocrx_word' id='word_1_273' title='bbox 147 3220 189 3262; x_wconf 80' lang='lat' dir='ltr'>tus</span> <span class='ocrx_word' id='word_1_274' title='bbox 216 3197 348 3256; x_wconf 83' lang='lat' dir='ltr'>habebat:</span> <span class='ocrx_word' id='word_1_275' title='bbox 376 3199 500 3272; x_wconf 88' lang='lat' dir='ltr'>equiturn</span> <span class='ocrx_word' id='word_1_276' title='bbox 525 3195 699 3272; x_wconf 80' lang='lat' dir='ltr'>peditsinique</span> <span class='ocrx_word' id='word_1_277' title='bbox 726 3205 832 3252; x_wconf 84' lang='lat' dir='ltr'>certum</span> <span class='ocrx_word' id='word_1_278' title='bbox 867 3209 1010 3266; x_wconf 84' lang='lat' dir='ltr'>numerum</span> 
     </span>
    </p>
   </div>
   <div class='ocr_carea' id='block_1_8' title="bbox 147 3267 1019 3414">
    <p class='ocr_par' dir='ltr' id='par_1_8' title="bbox 147 3267 1019 3414">
     <span class='ocr_line' id='line_1_41' title="bbox 147 3267 1019 3406; baseline -0.011 -66"><span class='ocrx_word' id='word_1_279' title='bbox 147 3281 164 3340; x_wconf 72' lang='grc' dir='ltr'><em>ὲ</em></span> <span class='ocrx_word' id='word_1_280' title='bbox 183 3273 334 3337; x_wconf 85' lang='lat' dir='ltr'>civitatibus</span> <span class='ocrx_word' id='word_1_281' title='bbox 348 3271 451 3334; x_wconf 75' lang='lat' dir='ltr'>Siciliae.</span> <span class='ocrx_word' id='word_1_282' title='bbox 468 3273 614 3352; x_wconf 53' lang='lat' dir='ltr'>exigebat«</span> <span class='ocrx_word' id='word_1_283' title='bbox 642 3271 748 3351; x_wconf 54' lang='lat' dir='ltr'>onibus</span> <span class='ocrx_word' id='word_1_284' title='bbox 769 3271 848 3332; x_wconf 74' lang='lat' dir='ltr'>rebus</span> <span class='ocrx_word' id='word_1_285' title='bbox 864 3267 938 3403; x_wconf 66' lang='lat' dir='ltr'>peu&amp;s</span> <span class='ocrx_word' id='word_1_286' title='bbox 948 3289 1019 3406; x_wconf 52' lang='lat' dir='ltr'>ppo</span> 
     </span>
     <span class='ocr_line' id='line_1_42' title="bbox 527 3366 1011 3414; baseline -0.014 -3"><span class='ocrx_word' id='word_1_287' title='bbox 527 3366 530 3374; x_wconf 63' lang='lat'><strong>¹</strong></span> <span class='ocrx_word' id='word_1_288' title='bbox 933 3368 947 3406; x_wconf 89' lang='lat' dir='ltr'>e</span> <span class='ocrx_word' id='word_1_289' title='bbox 976 3367 1011 3414; x_wconf 73' lang='lat'>¹³3</span> 
     </span>
    </p>
   </div>
   <div class='ocr_carea' id='block_1_9' title="bbox 0 0 1148 3776">
    <p class='ocr_par' dir='ltr' id='par_1_9' title="bbox 0 0 1148 3776">
     <span class='ocr_line' id='line_1_43' title="bbox 0 0 1148 3776; baseline 0 6"><span class='ocrx_word' id='word_1_290' title='bbox 0 0 1148 3776; x_wconf 95' lang='lat' dir='ltr'> </span> 
     </span>
    </p>
   </div>
  </div>
 </body>
</html>
