2290 3762
147 273 201 326 na
227 251 607 327 BastoGnanrco
631 244 826 324 Lta.Vll.
874 269 938 342 123

82 392 168 464 assisis
178 394 294 466 sirianis
305 385 426 464 confidat,
447 407 494 457 nere
504 389 536 460 se
549 383 584 441 ab
596 385 626 442 bo
647 383 701 442 ibus
717 389 794 462 diripi
801 389 941 464 patiatur:

75 469 217 544 praestitisti
229 488 301 544 quum
313 467 406 524 videat
418 485 486 522 omne
498 463 569 534 adse
580 459 609 518 be
620 463 672 520 lum
683 464 845 534 trarssatum.
863 461 942 538 Quo·

80 561 136 600 run
151 543 195 600 ille
208 543 331 620 precibus
347 553 494 618 permotus,
513 537 595 600 casira
615 557 650 598 ex
662 537 823 617 Biturigibus
848 546 941 596 movet

80 619 108 675 in
120 619 259 691 Arvernos
269 616 366 677 versus.
477 609 519 708 ιζ

117 693 166 753 ΙΧ.
179 698 229 772 'At
241 693 329 754 Caesar
341 693 454 753 biduum
466 695 495 751 in
509 697 539 754 ris
553 695 618 756 locis
638 705 766 770 moratus,
785 691 862 772 qudd
880 689 940 748 haec

82 772 115 830 de
125 772 352 850 Vercingetorige
367 769 412 828 usu
425 786 537 829 ventura
549 770 679 852 opinione
692 782 873 848 praeceperam
891 785 941 844 per

81 847 180 907 musam
205 849 233 907 su
254 847 384 924 plementi
414 849 599 929 equitatusque
626 847 758 926 cogendi,
772 849 806 906 ab
825 845 943 904 exercitu

83 925 207 984 discedit:
228 869 340 982 grutam
360 925 554 986 adolescentem
573 928 604 985 iis
621 927 706 1003 copiis
722 923 851 1000 praelicit:
869 921 944 979 huuc

81 1016 181 1071 monet,
202 1015 232 1060 ut
244 1001 378 1060 inomnet
392 1015 480 1080 partes
493 1006 593 1080 equites
605 1001 689 1079 qudrn
701 998 823 1060 latissimis
846 1016 946 1078 perva-

82 1094 195 1157 gentur:
217 1079 345 1137 daturum
358 1077 383 1137 se
394 1097 516 1156 operam,
536 1099 569 1138 ne
582 1081 689 1170 longiis
702 1079 792 1136 triduo
808 1077 842 1136 ab
856 1073 946 1136 callrit

80 1156 151 1215 abst.
172 1153 225 1213 His
236 1157 383 1214 constitutis
396 1157 493 1219 rebuss
514 1155 564 1214 suis
574 1156 782 1234 inopinantibus,
791 1154 873 1232 quim
885 1169 945 1210 ma-

80 1233 158 1292 ximia
167 1232 255 1310 potell
266 1231 416 1300 itineribus,
428 1231 567 1292 Viennam
580 1235 711 1311 pervenit.
731 1231 773 1290 Ibi
787 1233 879 1290 natiue
902 1245 945 1286 re·

80 1323 187 1370 centem
201 1309 362 1386 equitatum,
382 1327 464 1386 quem
487 1309 578 1368 multis
599 1307 662 1367 ante
681 1308 774 1366 diebus
792 1306 825 1366 ed
838 1305 946 1385 praemi-

80 1386 169 1456 serats,
185 1403 275 1462 neque
295 1383 393 1442 ditono
416 1403 504 1464 neque
526 1387 658 1444 nodumo
676 1385 771 1443 itinere
788 1381 946 1449 intermisso,

79 1483 131 1542 per
153 1460 388 1520 sines-AEduorum
413 1462 442 1520 ia
466 1461 605 1540 Lingones
628 1463 776 1530 contendit,
796 1460 842 1520 ubi
861 1477 889 1517 ιι
907 1457 948 1516 le·

80 1540 177 1618 giones
190 1537 376 1616 hyemabants
399 1553 438 1609 ut,
458 1539 477 1598 st
497 1539 565 1618 quid
587 1539 671 1599 etiam
691 1539 726 1599 de
749 1538 795 1600 susi
818 1537 898 1600 salute
910 1535 947 1594 ab

82 1617 181 1676 AEduis
195 1617 307 1675 iniretur
317 1615 429 1688 consilii,
440 1617 577 1676 celeritate
585 1630 767 1695 praecuneret.
806 1614 849 1674 Εὸ
862 1633 947 1696 quum

80 1695 248 1828 pervenisset,
258 1694 291 1752 ad
305 1695 421 1772 reliquas
433 1695 553 1774 legiones
566 1696 667 1762 mittit;
684 1694 809 1776 prisrsque
817 1696 847 1754 in
860 1711 947 1753 unum

11 1795 16 1802 ·
112 1791 174 1830 curn
199 1791 293 1832 omnes
317 1775 401 1852 cogit,
433 1773 517 1852 quim
542 1773 578 1833 de
600 1773 654 1851 ejus
675 1773 794 1834 adventu
816 1770 947 1832 Arvernis

80 1849 203 1908 nunciati
222 1849 328 1926 posset.-

122 1925 158 1984 X.
177 1925 241 1984 Hic
259 1945 290 1984 re
308 1926 429 2002 cogniti,
443 1925 654 2006 Vercingetoriir
667 1928 753 1989 rursus
775 1929 804 1989 in
818 1927 949 2004 bituriges

82 2003 230 2062 exercitum
252 2003 372 2063 reducits
400 2016 483 2078 atque
511 2003 577 2062 inde
599 2005 744 2082 proseilus,
775 2006 949 2082 Gergoviam
985 2003 988 2008 ’

79 2079 211 2139 Boiorum
223 2077 365 2154 oppidum,
384 2095 452 2152 quos
464 2079 503 2136 ibi
514 2078 660 2143 Helvetico
679 2082 776 2157 proelio
788 2083 874 2140 vidos
886 2081 952 2152 Cae·v
1008 2079 1012 2096 '

79 2156 122 2216 sar
140 2154 330 2224 collocaverat,
339 2150 491 2229 AEduisque
510 2153 677 2223 attribuerat,
697 2150 857 2232 oppugnare
876 2157 951 2214 inlisu

79 2235 145 2294 tuit.
184 2230 320 2308 Magnam
330 2229 388 2288 haec
398 2247 447 2296 res
456 2227 750 2308 Caesaridifficultatem
765 2232 800 2289 ad
813 2231 951 2296 confilium

82 2308 252 2390 capiendum
273 2305 417 2368 afferebat:
437 2287 602 2384 fireliqun
615 2321 719 2384 partem
732 2308 839 2382 hyemis
848 2304 910 2366 'uno
920 2309 952 2364 in

79 2387 148 2446 loeo
161 2386 281 2463 legiones
295 2385 462 2453 continerets
481 2403 527 2454 ne,
546 2383 721 2462 stipendiariis
734 2385 889 2444 AEduorum
902 2403 952 2444 ex-

66 2465 223 2543 pugnatis,
243 2466 339 2524 contla
348 2461 441 2521 Gallia
450 2462 588 2531 deficeret,
602 2460 678 2539 quod
691 2461 795 2520 nullum
802 2465 830 2520 in
843 2466 876 2521 e'o
883 2463 952 2522 ami·
985 2531 990 2542 ι

78 2541 121 2599 cis
134 2539 287 2620 praesrdium
296 2541 400 2600 videret
409 2539 600 2616 positumesse:
613 2539 652 2598 sm
663 2539 792 2598 maturiius
806 2561 839 2600 ex
851 2541 952 2618 hyber-

79 2619 125 2675 nis
138 2619 281 2682 educmms
301 2636 337 2676 ne
359 2616 393 2674 ab
409 2635 439 2674 re
452 2615 627 2676 frumentarii
646 2616 718 2676 duris
739 2617 951 2678 subvetiionibus
977 2639 981 2648 ·

81 2693 232 2753 laboraret.
270 2691 395 2752 Praestare
406 2691 490 2752 visum
511 2693 547 2752 ell
567 2707 657 2754 tamen
676 2713 770 2754 omnes
783 2695 952 2756 difficultates

82 2772 206 2849 perpeti,
226 2767 321 2846 quim,
340 2770 416 2829 unta
435 2771 599 2831 contumelia
614 2773 736 2851 acceptis,
748 2777 885 2832 ¹omniurn
903 2771 951 2832 suo

0 2895 1 2908 ,
37 2855 42 2864 ’
81 2855 151 2906 suin
173 2844 323 2905 voluntates
344 2847 469 2908 alienare.
506 2848 604 2926 Itaque
624 2849 778 2910 cohortatus
792 2851 900 2910 AEduos
916 2850 953 2925 de

81 2923 114 2982 so
135 2923 272 3002 portando
282 2937 453 2988 commeatur
474 2927 613 3002 praemittit
629 2928 664 2984 ad
679 2927 768 2995 Boios,
787 2930 835 3005 qui
856 2926 891 2984 de
906 2927 953 2986 suo

82 2945 206 3060 adieram
221 2999 346 3072 doceant,
360 3003 564 3079 hortenn'urque,
575 3017 604 3060 ut
615 3005 644 3061 in
658 3003 711 3062 lide
723 3020 859 3074 maneant,
872 3018 954 3081 atque

1 3104 4 3114 ·
81 3075 205 3136 hollium
218 3078 256 3136 im
277 3092 351 3138 etmn
361 3078 719 3156 magnoanimususlineant.
739 3079 953 3158 Duabusrlgen-

82 3154 143 3212 dici
155 3155 163 3210 l
201 3098 317 3226 ‘onibus
339 3171 419 3233 atque
431 3154 630 3234 impedimentis
643 3157 723 3216 totius
734 3156 865 3216 exercitiis
876 3158 954 3217 relic-

83 3231 174 3306 tissa
206 3231 284 3291 Boios
298 3233 477 3312 proficiscitur.
582 3217 624 3301 ὅ
793 3285 811 3298 „.

125 3305 178 3367 XI.
199 3307 295 3370 Altero
313 3312 362 3370 die
385 3329 468 3388 quum
492 3311 525 3369 ad
546 3311 676 3390 oppidum
688 3301 953 3370 Senonurirllellau·

83 3383 229 3448 nodunum
241 3387 369 3456 venissets
389 3405 424 3448 ne
444 3405 524 3522 qugn
545 3391 602 3468 post
621 3387 646 3448 se
667 3386 769 3450 honen
781 3387 870 3466 relioq'
917 3387 956 3515 sig

93 3482 97 3510 z
529 3481 545 3523 2
