2272 3776
168 191 239 274 3²4
415 163 466 239 A.
518 160 782 238 Hruw

169 289 275 359 muer,
294 290 445 368 processum
459 291 496 350 est
509 289 545 347 ad
556 281 753 348 nimiruum.
793 287 881 380 Signo
893 288 942 349 sub
955 289 1032 350 idem

170 381 278 446 tempus
302 369 337 426 ab
351 383 468 448 utroque
486 369 561 436 dato,
578 367 763 426 concurritur:
784 381 883 425 acriter
895 369 1036 448 varie'que

169 459 324 523 pugnatur:
354 467 421 506 nam
444 465 551 505 xxxvi
574 445 658 525 legio,
678 463 767 524 quumv
786 459 864 504 extra
882 444 981 504 fussam
1003 449 1035 504 iu

169 523 325 598 equitatum
345 527 418 604 regis
433 525 567 601 impetum
580 523 693 594 fecisset,
713 521 783 581 aded
795 522 943 582 secundum
957 543 1034 602 prce-

169 600 239 658 lium
261 601 337 674 lecit,
370 619 399 661 ut
419 601 555 661 moenibus
575 601 671 678 oppidi
692 601 856 670 succederet,
876 599 1033 678 fossamque

169 679 303 748 transiret,
324 680 484 758 aversosque
504 679 591 737 hostes
612 679 815 756 aggrederetur.
855 680 896 736 At
914 679 1033 738 Pontica

169 773 206 813 ex
224 757 311 816 alteras
329 773 407 836 parte
426 757 512 834 legio,
541 775 629 832 quum
651 755 807 834 paullulum
828 755 922 816 aversa
946 756 1032 816 hosti-

167 832 219 892 bus
242 837 367 902 ceslisset;
387 835 483 896 fossam
502 847 596 892 autem
616 833 732 892 circuire
753 834 824 892 acies
844 832 961 893 secundd
981 853 1032 894 co·

166 926 234 971 nata
254 915 327 978 esset,
347 926 378 971 ut
400 933 416 972 a
453 925 496 970 rto
517 911 604 970 latere
629 911 825 990 aggrederetur
845 912 964 983 holiem3
996 913 1033 971 in

165 988 226 1066 ipso
252 991 362 1048 transitu
385 991 416 1048 fo
435 1009 468 1057 ae,
489 989 598 1048 confixa
620 995 646 1047 dc
666 991 790 1068 oppressa
814 991 864 1048 est.
900 989 1032 1049 Deiotari

165 1065 233 1126 verd
251 1067 373 1146 legiones
385 1068 434 1126 vix
453 1067 588 1146 impetum
610 1065 798 1127 sustinuerunt.
839 1069 884 1126 Ita
902 1068 1029 1128 victrices

164 1144 238 1220 regis
251 1146 347 1279 copiae,
367 1163 452 1204 cornu
474 1144 522 1204 suo
535 1143 643 1220 dextro,
663 1147 810 1225 mediique
823 1145 892 1214 acie,
912 1165 1029 1206 couver-

163 1233 256 1279 terunt
292 1223 366 1282 ead
394 1243 498 1283 xxxvi
522 1223 533 1281 l
570 1224 681 1284 'oneum
712 1244 775 1304 quae
796 1237 891 1284 nmen
917 1224 1028 1284 sortiter

163 1297 334 1362 vincentium
357 1303 493 1381 impetum
512 1243 642 1371 sffinuit,
672 1303 780 1382 magnis
800 1302 886 1382 copiis
908 1303 1028 1376 hostium

162 1376 353 1448 circumdata;
383 1381 638 1462 praesentislimoque
662 1382 755 1440 auimo
778 1401 903 1460 pugnans
929 1382 960 1442 in
981 1401 1028 1440 or·

161 1455 227 1514 bern
241 1457 269 1516 se
283 1459 388 1537 recepit
400 1460 437 1518 ad
452 1461 557 1520 radices
570 1460 707 1519 montium
719 1484 728 1526 ς
747 1457 803 1538 qud
816 1459 970 1520 Pharnacea
983 1461 1027 1518 in·

161 1532 248 1612 sequi,
269 1552 383 1615 propter
402 1539 578 1618 iniquitatem
602 1539 666 1606 loci,
695 1538 794 1595 noluit.
834 1537 888 1605 Ita,
910 1536 1029 1596 Pontica

157 1611 273 1690 legione
285 1612 358 1692 pend
377 1617 437 1677 toti
455 1617 562 1685 amissi,
583 1613 684 1693 magni
703 1628 781 1690 parte
801 1613 930 1672 Deiotari
950 1615 1029 1672 mili·

159 1701 221 1746 tnm
233 1691 394 1761 intersedi2i3
417 1715 528 1754 xxxvi
547 1695 573 1752 le
594 1694 620 1749 ‘o
638 1693 669 1747 in
681 1691 742 1746 loca
753 1688 781 1744 se
792 1687 933 1760 superiora
956 1711 1031 1751 con·

160 1766 233 1836 tulit,
247 1787 304 1832 uon
315 1773 432 1852 amplius
447 1794 503 1832 cen
515 1771 569 1830 desi
589 1766 677 1823 eratis·
719 1760 887 1818 Ceciderunt
898 1781 934 1820 eo
947 1784 1032 1842 proe.

157 1843 198 1918 iio
211 1845 344 1924 splendidi
363 1871 396 1911 ae
417 1851 528 1909 illustres
542 1843 593 1898 viri
605 1836 738 1905 nonnulli,
760 1836 866 1914 equites
885 1839 1028 1906 Romani.

159 1921 226 2000 Qu
249 1938 344 1986 tamen
366 1921 543 1988 incommodo
562 1916 702 1977 Domitius
729 1927 855 1992 accepto,
887 1920 937 1978 re'
962 1924 1025 1984 uiae

156 2001 415 2098 exercititsdissiqnati
425 1999 553 2076 collegit3
572 1993 769 2090 itineribusque
780 1994 855 2064 tutis,
878 1919 1024 2079 peiizap.

155 2078 303 2158 padociam
316 2083 342 2143 se
352 2103 380 2140 m
390 2078 484 2138 Asiam
496 2087 609 2155 recepit.

197 2160 304 2220 XXXI.
324 2161 477 2218 Pharnaces
499 2154 581 2214 rebuu
599 2152 723 2214 secundis
745 2153 831 2214 elatus
842 2179 855 2222 ς
871 2171 958 2234 quum
980 2157 1021 2218 de

155 2236 265 2298 Caesare
287 2257 330 2304 ea,
352 2253 414 2311 quae
435 2233 560 2372 ogtabat,
580 2232 720 2311 sperarem
747 2234 865 2292 Pontum
888 2233 1019 2294 omnibus

153 2317 241 2396 copiis
261 2333 327 2374 occu
349 2312 423 2371 avit:
444 2313 454 2370 i
474 2313 580 2392 ique&
594 2311 681 2370 victor
700 2317 726 2370 δι
746 2319 796 2369 rex
813 2311 1020 2382 ordenamus,

153 2415 242 2473 quum
263 2391 312 2450 libi
399 2411 466 2450 nanu
483 2403 628 2469 paternam
648 2388 772 2450 feliciore
785 2402 885 2448 eventu
899 2390 1017 2452 destina-

151 2487 204 2541 ret,
225 2471 313 2531 multa
324 2469 428 2546 oppida
449 2487 521 2546 enpu
563 2460 639 2532 avit;
658 2466 732 2525 bona
745 2467 849 2526 civium
871 2467 1018 2527 Romano.

150 2569 224 2618 rum,
261 2546 492 2624 Ponticorr'rmque
512 2487 644 2621 iiipuita
673 2542 808 2623 supplicia
828 2546 963 2607 contituit
984 2547 1017 2608 iu

152 2649 200 2687 eos
235 2626 262 2684 ui
284 2625 407 2701 aliquam
421 2623 616 2698 formaeatque
633 2622 720 2682 etatis
743 2623 1015 2695 commendationem

149 2647 300 2768 habribant,
320 2719 355 2759 ea
366 2719 430 2779 quae
450 2713 540 2760 morte
554 2700 637 2760 essent
649 2700 806 2769 miseriora3
826 2703 1011 2780 Pontbmque,

122 2784 228 2843 'nullo
240 2778 417 2850 defendente,
438 2793 583 2862 paternum
596 2797 714 2858 regnum
729 2779 757 2838 se
778 2781 907 2858 recepisse
927 2781 1015 2858 glori·
1109 2795 1110 2851 i

149 2881 206 2928 ans,
225 2858 376 2920 obtinebat.
401 2897 405 2904 -
426 2893 430 2898 -

188 2939 311 2997 XXXII.
333 2939 389 2997 Sub
411 2937 486 2996 idem
516 2950 635 3016 tempos,
664 2937 693 2996 in
715 2936 829 3014 Illyrico
850 2937 1013 3010 estincom·

148 3016 264 3073 modum
273 3031 426 3094 acceptum.
453 3015 1012 3106 Qaeprovincialiiperioribusmenfibus

148 3101 264 3158 retenta,
295 3112 352 3152 non
375 3093 482 3154 tantum
507 3093 563 3154 fine
585 3092 747 3184 ignominia,
767 3093 814 3152 sed
839 3093 1012 3158 etiamtum
1106 3151 1107 3156 ,

147 3168 239 3236 laude,
265 3181 333 3226 erat.
376 3175 508 3252 Namque
532 3171 566 3231 ed
587 3173 677 3230 missua
690 3171 781 3230 aestate
797 3190 861 3230 cum
882 3193 905 3230 ιι
922 3171 1012 3250 legiu-
1106 3185 1107 3190 ’

121 3249 225 3305 'uibus
253 3245 299 3325 Q
316 3248 488 3321 Cornificius,
523 3248 648 3338 Caesaris·
661 3249 775 3327 quaestor
796 3267 849 3326 pro
892 3265 1010 3318 ratore3
1105 3309 1106 3314 χ

144 3344 315 3405 quamquam
337 3342 397 3390 erat
419 3328 563 3409 provincia
582 3328 697 3390 minime
714 3327 859 3407 copiosae
900 3328 1011 3402 enerci-

964 3418 1105 3464 tud,

1103 3601 1104 3614 i

1034 3717 1037 3719 .
1088 3705 1103 3719 -.l
