<?xml version="1.0" encoding="UTF-8"?>
<!DOCTYPE html PUBLIC "-//W3C//DTD XHTML 1.0 Transitional//EN"
    "http://www.w3.org/TR/xhtml1/DTD/xhtml1-transitional.dtd">
<html xmlns="http://www.w3.org/1999/xhtml" xml:lang="en" lang="en">
 <head>
  <title>
</title>
<meta http-equiv="Content-Type" content="text/html;charset=utf-8" />
  <meta name='ocr-system' content='tesseract 3.04.00' />
  <meta name='ocr-capabilities' content='ocr_page ocr_carea ocr_par ocr_line ocrx_word'/>
</head>
<body>
  <div class='ocr_page' id='page_1' title='image "./cjuliicaesarise00mattgoog_0215.png"; bbox 0 0 2288 3776; ppageno 0'>
   <div class='ocr_carea' id='block_1_1' title="bbox 97 149 1008 290">
    <p class='ocr_par' dir='ltr' id='par_1_1' title="bbox 97 149 1008 290">
     <span class='ocr_line' id='line_1_1' title="bbox 97 149 1008 290; baseline -0.008 -14"><span class='ocrx_word' id='word_1_1' title='bbox 97 270 102 276; x_wconf 82' lang='lat'><em>.</em></span> <span class='ocrx_word' id='word_1_2' title='bbox 179 149 187 164; x_wconf 16' lang='grc' dir='ltr'><em>ὅ</em></span> <span class='ocrx_word' id='word_1_3' title='bbox 232 187 899 270; x_wconf 69' lang='lat' dir='ltr'>saasnrounncomnvrlr.</span> <span class='ocrx_word' id='word_1_4' title='bbox 943 162 1008 290; x_wconf 77' lang='lat' dir='ltr'>r83</span> 
     </span>
    </p>
   </div>
   <div class='ocr_carea' id='block_1_2' title="bbox 24 319 1072 626">
    <p class='ocr_par' dir='ltr' id='par_1_2' title="bbox 24 319 1072 626">
     <span class='ocr_line' id='line_1_2' title="bbox 154 319 1072 402; baseline -0.001 -22"><span class='ocrx_word' id='word_1_5' title='bbox 154 350 158 356; x_wconf 41' lang='lat' dir='ltr'>v</span> <span class='ocrx_word' id='word_1_6' title='bbox 184 321 247 380; x_wconf 86' lang='lat' dir='ltr'>Scio</span> <span class='ocrx_word' id='word_1_7' title='bbox 266 321 405 382; x_wconf 73' lang='lat' dir='ltr'>Caesarem</span> <span class='ocrx_word' id='word_1_8' title='bbox 426 323 593 402; x_wconf 77' lang='lat' dir='ltr'>singulorum</span> <span class='ocrx_word' id='word_1_9' title='bbox 618 339 754 380; x_wconf 89' lang='lat' dir='ltr'>annorum</span> <span class='ocrx_word' id='word_1_10' title='bbox 776 319 894 398; x_wconf 82' lang='lat' dir='ltr'>singulos</span> <span class='ocrx_word' id='word_1_11' title='bbox 923 321 1013 379; x_wconf 84' lang='lat' dir='ltr'>Com·</span> <span class='ocrx_word' id='word_1_12' title='bbox 1066 395 1072 402; x_wconf 18' lang='grc' dir='ltr'><strong>Β</strong></span> 
     </span>
     <span class='ocr_line' id='line_1_3' title="bbox 24 397 1012 478; baseline -0.005 -17"><span class='ocrx_word' id='word_1_13' title='bbox 24 461 31 468; x_wconf 76' lang='grc'><strong>,</strong></span> <span class='ocrx_word' id='word_1_14' title='bbox 143 399 292 460; x_wconf 81' lang='lat' dir='ltr'>mentatios</span> <span class='ocrx_word' id='word_1_15' title='bbox 315 399 482 460; x_wconf 76' lang='lat' dir='ltr'>confecisse:</span> <span class='ocrx_word' id='word_1_16' title='bbox 512 399 587 478; x_wconf 88' lang='lat' dir='ltr'>quod</span> <span class='ocrx_word' id='word_1_17' title='bbox 614 417 668 458; x_wconf 90' lang='lat' dir='ltr'>eo</span> <span class='ocrx_word' id='word_1_18' title='bbox 690 417 747 460; x_wconf 87' lang='lat' dir='ltr'>non</span> <span class='ocrx_word' id='word_1_19' title='bbox 769 398 920 458; x_wconf 85' lang='lat' dir='ltr'>existimavi</span> <span class='ocrx_word' id='word_1_20' title='bbox 940 397 1012 458; x_wconf 89' lang='lat' dir='ltr'>mihi</span> 
     </span>
     <span class='ocr_line' id='line_1_4' title="bbox 145 475 1011 557; baseline -0.002 -19"><span class='ocrx_word' id='word_1_21' title='bbox 145 479 199 538; x_wconf 83' lang='lat' dir='ltr'>elle</span> <span class='ocrx_word' id='word_1_22' title='bbox 218 477 394 544; x_wconf 70' lang='lat' dir='ltr'>faciendum</span> <span class='ocrx_word' id='word_1_23' title='bbox 428 491 574 557; x_wconf 82' lang='lat' dir='ltr'>propterea</span> <span class='ocrx_word' id='word_1_24' title='bbox 596 475 673 555; x_wconf 91' lang='lat' dir='ltr'>quod</span> <span class='ocrx_word' id='word_1_25' title='bbox 696 475 840 553; x_wconf 86' lang='lat' dir='ltr'>insequens</span> <span class='ocrx_word' id='word_1_26' title='bbox 865 495 951 536; x_wconf 88' lang='lat' dir='ltr'>annus</span> <span class='ocrx_word' id='word_1_27' title='bbox 975 476 1011 536; x_wconf 89' lang='lat' dir='ltr'>L.</span> 
     </span>
     <span class='ocr_line' id='line_1_5' title="bbox 146 551 1013 626; baseline -0.005 -10"><span class='ocrx_word' id='word_1_28' title='bbox 146 556 253 626; x_wconf 78' lang='lat' dir='ltr'>Paullo,</span> <span class='ocrx_word' id='word_1_29' title='bbox 280 557 314 614; x_wconf 90' lang='lat' dir='ltr'>C.</span> <span class='ocrx_word' id='word_1_30' title='bbox 336 556 474 616; x_wconf 89' lang='lat' dir='ltr'>Marcello</span> <span class='ocrx_word' id='word_1_31' title='bbox 498 553 672 622; x_wconf 78' lang='lat' dir='ltr'><strong>Consulibus,</strong></span> <span class='ocrx_word' id='word_1_32' title='bbox 693 553 781 614; x_wconf 88' lang='lat' dir='ltr'>nullas</span> <span class='ocrx_word' id='word_1_33' title='bbox 803 551 1013 618; x_wconf 85' lang='lat' dir='ltr'>habetGalliae</span> 
     </span>
    </p>
   </div>
   <div class='ocr_carea' id='block_1_3' title="bbox 147 631 1013 724">
    <p class='ocr_par' dir='ltr' id='par_1_3' title="bbox 147 631 1013 724">
     <span class='ocr_line' id='line_1_6' title="bbox 147 631 1013 724; baseline -0.002 -32"><span class='ocrx_word' id='word_1_34' title='bbox 147 653 318 714; x_wconf 84' lang='lat' dir='ltr'>magnopere</span> <span class='ocrx_word' id='word_1_35' title='bbox 332 654 383 692; x_wconf 83' lang='lat' dir='ltr'>res</span> <span class='ocrx_word' id='word_1_36' title='bbox 395 635 491 712; x_wconf 86' lang='lat' dir='ltr'>gestas.</span> <span class='ocrx_word' id='word_1_37' title='bbox 531 633 579 724; x_wconf 75' lang='lat' dir='ltr'>Ne</span> <span class='ocrx_word' id='word_1_38' title='bbox 592 633 653 711; x_wconf 88' lang='lat' dir='ltr'>quis</span> <span class='ocrx_word' id='word_1_39' title='bbox 665 647 759 692; x_wconf 83' lang='lat' dir='ltr'>tamen</span> <span class='ocrx_word' id='word_1_40' title='bbox 781 631 930 710; x_wconf 83' lang='lat' dir='ltr'>ignoraret,</span> <span class='ocrx_word' id='word_1_41' title='bbox 950 631 1013 712; x_wconf 90' lang='lat' dir='ltr'>qui·</span> 
     </span>
    </p>
   </div>
   <div class='ocr_carea' id='block_1_4' title="bbox 148 709 1011 805">
    <p class='ocr_par' dir='ltr' id='par_1_4' title="bbox 148 709 1011 805">
     <span class='ocr_line' id='line_1_7' title="bbox 148 709 1011 805; baseline -0.005 -33"><span class='ocrx_word' id='word_1_42' title='bbox 148 712 198 772; x_wconf 88' lang='lat' dir='ltr'>bus</span> <span class='ocrx_word' id='word_1_43' title='bbox 219 712 249 771; x_wconf 90' lang='lat' dir='ltr'>in</span> <span class='ocrx_word' id='word_1_44' title='bbox 275 712 343 770; x_wconf 87' lang='lat' dir='ltr'>locis</span> <span class='ocrx_word' id='word_1_45' title='bbox 366 711 458 770; x_wconf 83' lang='lat' dir='ltr'>Caesar</span> <span class='ocrx_word' id='word_1_46' title='bbox 480 709 667 805; x_wconf 75' lang='lat' dir='ltr'>exercitusque</span> <span class='ocrx_word' id='word_1_47' title='bbox 685 729 721 770; x_wconf 89' lang='lat' dir='ltr'>eo</span> <span class='ocrx_word' id='word_1_48' title='bbox 739 723 865 788; x_wconf 89' lang='lat' dir='ltr'>tempore</span> <span class='ocrx_word' id='word_1_49' title='bbox 885 709 1011 778; x_wconf 67' lang='lat' dir='ltr'>luissente</span> 
     </span>
    </p>
   </div>
   <div class='ocr_carea' id='block_1_5' title="bbox 147 785 1141 882">
    <p class='ocr_par' dir='ltr' id='par_1_5' title="bbox 147 785 1141 882">
     <span class='ocr_line' id='line_1_8' title="bbox 147 785 1141 882; baseline -0.001 -34"><span class='ocrx_word' id='word_1_50' title='bbox 147 809 237 882; x_wconf 76' lang='lat' dir='ltr'>pauca</span> <span class='ocrx_word' id='word_1_51' title='bbox 266 787 417 858; x_wconf 86' lang='lat' dir='ltr'>scribenda,</span> <span class='ocrx_word' id='word_1_52' title='bbox 445 789 693 869; x_wconf 86' lang='lat' dir='ltr'>conjungendaque</span> <span class='ocrx_word' id='word_1_53' title='bbox 719 785 786 848; x_wconf 89' lang='lat' dir='ltr'>huic</span> <span class='ocrx_word' id='word_1_54' title='bbox 812 789 1013 848; x_wconf 85' lang='lat' dir='ltr'>commentario</span> <span class='ocrx_word' id='word_1_55' title='bbox 1051 826 1053 834; x_wconf 56' lang='grc' dir='ltr'>ι</span> <span class='ocrx_word' id='word_1_56' title='bbox 1081 807 1092 828; x_wconf 65' lang='lat'>⁸</span> <span class='ocrx_word' id='word_1_57' title='bbox 1140 785 1141 802; x_wconf 54' lang='lat'>*</span> 
     </span>
    </p>
   </div>
   <div class='ocr_carea' id='block_1_6' title="bbox 117 869 1043 1581">
    <p class='ocr_par' dir='ltr' id='par_1_6' title="bbox 147 869 235 927">
     <span class='ocr_line' id='line_1_9' title="bbox 147 869 235 927; baseline -0.011 0"><span class='ocrx_word' id='word_1_58' title='bbox 147 869 235 927; x_wconf 74' lang='lat' dir='ltr'>statur.</span> 
     </span>
    </p>

    <p class='ocr_par' dir='ltr' id='par_1_7' title="bbox 117 943 1043 1581">
     <span class='ocr_line' id='line_1_10' title="bbox 188 943 1012 1024; baseline -0.002 -18"><span class='ocrx_word' id='word_1_59' title='bbox 188 947 251 1006; x_wconf 85' lang='lat' dir='ltr'>XL.</span> <span class='ocrx_word' id='word_1_60' title='bbox 273 943 364 1006; x_wconf 86' lang='lat' dir='ltr'>Caesar</span> <span class='ocrx_word' id='word_1_61' title='bbox 408 965 474 1006; x_wconf 89' lang='lat' dir='ltr'>uum</span> <span class='ocrx_word' id='word_1_62' title='bbox 495 946 525 1004; x_wconf 91' lang='lat' dir='ltr'>in</span> <span class='ocrx_word' id='word_1_63' title='bbox 543 945 641 1024; x_wconf 83' lang='lat' dir='ltr'><strong>Belgio</strong></span> <span class='ocrx_word' id='word_1_64' title='bbox 662 945 816 1022; x_wconf 84' lang='lat' dir='ltr'>hyemaret,</span> <span class='ocrx_word' id='word_1_65' title='bbox 836 944 921 1004; x_wconf 86' lang='lat' dir='ltr'>unum</span> <span class='ocrx_word' id='word_1_66' title='bbox 942 943 1012 1004; x_wconf 88' lang='lat' dir='ltr'>illud</span> 
     </span>
     <span class='ocr_line' id='line_1_11' title="bbox 117 966 1012 1104; baseline -0.001 -22"><span class='ocrx_word' id='word_1_67' title='bbox 117 1038 120 1042; x_wconf 58' lang='lat'><strong>⁴</strong></span> <span class='ocrx_word' id='word_1_68' title='bbox 145 1026 314 1104; x_wconf 83' lang='lat' dir='ltr'>propositum</span> <span class='ocrx_word' id='word_1_69' title='bbox 325 966 447 1083; x_wconf 67' lang='lat' dir='ltr'>habibat</span> <span class='ocrx_word' id='word_1_70' title='bbox 453 1047 462 1092; x_wconf 70' lang='grc' dir='ltr'><strong><em>ς</em></strong></span> <span class='ocrx_word' id='word_1_71' title='bbox 476 1023 616 1084; x_wconf 88' lang='lat' dir='ltr'>continere</span> <span class='ocrx_word' id='word_1_72' title='bbox 628 1025 657 1083; x_wconf 89' lang='lat' dir='ltr'>in</span> <span class='ocrx_word' id='word_1_73' title='bbox 668 1022 790 1082; x_wconf 69' lang='lat' dir='ltr'>amicitis</span> <span class='ocrx_word' id='word_1_74' title='bbox 798 1021 931 1090; x_wconf 88' lang='lat' dir='ltr'>civitates,</span> <span class='ocrx_word' id='word_1_75' title='bbox 942 1023 1012 1084; x_wconf 83' lang='lat' dir='ltr'>nulli</span> 
     </span>
     <span class='ocr_line' id='line_1_12' title="bbox 147 1099 1013 1181; baseline -0.001 -20"><span class='ocrx_word' id='word_1_76' title='bbox 147 1102 223 1181; x_wconf 89' lang='lat' dir='ltr'>spem</span> <span class='ocrx_word' id='word_1_77' title='bbox 238 1118 285 1165; x_wconf 90' lang='lat' dir='ltr'>aut</span> <span class='ocrx_word' id='word_1_78' title='bbox 299 1099 408 1162; x_wconf 88' lang='lat' dir='ltr'>causam</span> <span class='ocrx_word' id='word_1_79' title='bbox 424 1102 493 1162; x_wconf 88' lang='lat' dir='ltr'>dare</span> <span class='ocrx_word' id='word_1_80' title='bbox 506 1121 658 1162; x_wconf 89' lang='lat' dir='ltr'>armorum:</span> <span class='ocrx_word' id='word_1_81' title='bbox 679 1099 749 1160; x_wconf 83' lang='lat' dir='ltr'><strong>nihil</strong></span> <span class='ocrx_word' id='word_1_82' title='bbox 770 1101 845 1158; x_wconf 84' lang='lat' dir='ltr'>enim</span> <span class='ocrx_word' id='word_1_83' title='bbox 858 1101 947 1160; x_wconf 88' lang='lat' dir='ltr'>minus</span> <span class='ocrx_word' id='word_1_84' title='bbox 961 1121 1013 1160; x_wconf 86' lang='lat' dir='ltr'>vo·</span> 
     </span>
     <span class='ocr_line' id='line_1_13' title="bbox 146 1179 1012 1260; baseline -0.001 -22"><span class='ocrx_word' id='word_1_85' title='bbox 146 1179 233 1250; x_wconf 88' lang='lat' dir='ltr'>lebat,</span> <span class='ocrx_word' id='word_1_86' title='bbox 253 1179 338 1260; x_wconf 76' lang='lat' dir='ltr'>quim</span> <span class='ocrx_word' id='word_1_87' title='bbox 359 1179 407 1238; x_wconf 89' lang='lat' dir='ltr'>sub</span> <span class='ocrx_word' id='word_1_88' title='bbox 430 1180 565 1240; x_wconf 78' lang='lat' dir='ltr'>decessum</span> <span class='ocrx_word' id='word_1_89' title='bbox 588 1179 666 1238; x_wconf 90' lang='lat' dir='ltr'>suum</span> <span class='ocrx_word' id='word_1_90' title='bbox 686 1179 868 1239; x_wconf 83' lang='lat' dir='ltr'>necessitatem</span> <span class='ocrx_word' id='word_1_91' title='bbox 890 1179 940 1238; x_wconf 88' lang='lat' dir='ltr'>fibi</span> <span class='ocrx_word' id='word_1_92' title='bbox 962 1179 1012 1237; x_wconf 89' lang='lat' dir='ltr'>ali-</span> 
     </span>
     <span class='ocr_line' id='line_1_14' title="bbox 136 1257 1012 1337; baseline 0.002 -23"><span class='ocrx_word' id='word_1_93' title='bbox 136 1308 138 1314; x_wconf 68' lang='lat'>,</span> <span class='ocrx_word' id='word_1_94' title='bbox 170 1277 235 1317; x_wconf 89' lang='lat' dir='ltr'>uarn</span> <span class='ocrx_word' id='word_1_95' title='bbox 257 1259 364 1337; x_wconf 87' lang='lat' dir='ltr'>imponi</span> <span class='ocrx_word' id='word_1_96' title='bbox 378 1257 445 1316; x_wconf 90' lang='lat' dir='ltr'>belli</span> <span class='ocrx_word' id='word_1_97' title='bbox 469 1257 602 1336; x_wconf 75' lang='lat' dir='ltr'>gerendi3</span> <span class='ocrx_word' id='word_1_98' title='bbox 621 1276 666 1323; x_wconf 90' lang='lat' dir='ltr'>ne,</span> <span class='ocrx_word' id='word_1_99' title='bbox 687 1276 774 1334; x_wconf 88' lang='lat' dir='ltr'>quum</span> <span class='ocrx_word' id='word_1_100' title='bbox 786 1257 937 1315; x_wconf 87' lang='lat' dir='ltr'>exercitum</span> <span class='ocrx_word' id='word_1_101' title='bbox 962 1257 1012 1318; x_wconf 89' lang='lat' dir='ltr'>de·</span> 
     </span>
     <span class='ocr_line' id='line_1_15' title="bbox 148 1279 1013 1412; baseline -0.002 -18"><span class='ocrx_word' id='word_1_102' title='bbox 148 1279 277 1396; x_wconf 56' lang='lat' dir='ltr'>iussurus</span> <span class='ocrx_word' id='word_1_103' title='bbox 290 1336 363 1402; x_wconf 81' lang='lat' dir='ltr'>esset,</span> <span class='ocrx_word' id='word_1_104' title='bbox 383 1335 486 1394; x_wconf 89' lang='lat' dir='ltr'>bellum</span> <span class='ocrx_word' id='word_1_105' title='bbox 509 1333 621 1410; x_wconf 83' lang='lat' dir='ltr'>aliquod</span> <span class='ocrx_word' id='word_1_106' title='bbox 633 1333 842 1412; x_wconf 67' lang='lat' dir='ltr'>relinqueretur,</span> <span class='ocrx_word' id='word_1_107' title='bbox 863 1335 938 1412; x_wconf 90' lang='lat' dir='ltr'>quod</span> <span class='ocrx_word' id='word_1_108' title='bbox 952 1353 1013 1393; x_wconf 87' lang='lat' dir='ltr'>om·</span> 
     </span>
     <span class='ocr_line' id='line_1_16' title="bbox 148 1409 1013 1490; baseline 0.001 -19"><span class='ocrx_word' id='word_1_109' title='bbox 148 1413 190 1471; x_wconf 88' lang='lat' dir='ltr'>nis</span> <span class='ocrx_word' id='word_1_110' title='bbox 204 1413 301 1472; x_wconf 87' lang='lat' dir='ltr'>Gallia</span> <span class='ocrx_word' id='word_1_111' title='bbox 313 1412 430 1472; x_wconf 84' lang='lat' dir='ltr'>libenter</span> <span class='ocrx_word' id='word_1_112' title='bbox 442 1411 497 1472; x_wconf 69' lang='lat' dir='ltr'>sane</span> <span class='ocrx_word' id='word_1_113' title='bbox 509 1410 634 1490; x_wconf 83' lang='lat' dir='ltr'>praesenti</span> <span class='ocrx_word' id='word_1_114' title='bbox 647 1411 769 1490; x_wconf 89' lang='lat' dir='ltr'>periculo</span> <span class='ocrx_word' id='word_1_115' title='bbox 781 1409 933 1488; x_wconf 88' lang='lat' dir='ltr'>susciperet.</span> <span class='ocrx_word' id='word_1_116' title='bbox 955 1413 1013 1472; x_wconf 87' lang='lat' dir='ltr'>Ita·</span> 
     </span>
     <span class='ocr_line' id='line_1_17' title="bbox 150 1488 1043 1581; baseline 0.001 -34"><span class='ocrx_word' id='word_1_117' title='bbox 150 1509 216 1568; x_wconf 80' lang='lat' dir='ltr'>que,</span> <span class='ocrx_word' id='word_1_118' title='bbox 236 1489 389 1550; x_wconf 70' lang='lat' dir='ltr'>honorifici</span> <span class='ocrx_word' id='word_1_119' title='bbox 400 1491 524 1549; x_wconf 86' lang='lat' dir='ltr'>civitates</span> <span class='ocrx_word' id='word_1_120' title='bbox 538 1488 718 1568; x_wconf 84' lang='lat' dir='ltr'>appellando,</span> <span class='ocrx_word' id='word_1_121' title='bbox 726 1489 870 1581; x_wconf 31' lang='lat' dir='ltr'>‘principes</span> <span class='ocrx_word' id='word_1_122' title='bbox 885 1489 1012 1548; x_wconf 82' lang='lat' dir='ltr'>maximis</span> <span class='ocrx_word' id='word_1_123' title='bbox 1038 1522 1043 1534; x_wconf 92' lang='lat'><em>·</em></span> 
     </span>
    </p>
   </div>
   <div class='ocr_carea' id='block_1_7' title="bbox 3 1567 1119 1660">
    <p class='ocr_par' dir='ltr' id='par_1_8' title="bbox 3 1567 1119 1660">
     <span class='ocr_line' id='line_1_18' title="bbox 3 1567 1119 1660; baseline -0.001 -33"><span class='ocrx_word' id='word_1_124' title='bbox 3 1641 4 1660; x_wconf 13' lang='grc' dir='ltr'><strong>Χ</strong></span> <span class='ocrx_word' id='word_1_125' title='bbox 28 1635 33 1642; x_wconf 77' lang='lat'><em>.</em></span> <span class='ocrx_word' id='word_1_126' title='bbox 148 1570 267 1646; x_wconf 81' lang='lat' dir='ltr'>praemiis</span> <span class='ocrx_word' id='word_1_127' title='bbox 280 1569 434 1638; x_wconf 86' lang='lat' dir='ltr'>afficiendo,</span> <span class='ocrx_word' id='word_1_128' title='bbox 454 1569 626 1628; x_wconf 81' lang='lat' dir='ltr'>nullaonera</span> <span class='ocrx_word' id='word_1_129' title='bbox 639 1586 712 1626; x_wconf 87' lang='lat' dir='ltr'>nova</span> <span class='ocrx_word' id='word_1_130' title='bbox 724 1568 903 1646; x_wconf 80' lang='lat' dir='ltr'>imponendo,</span> <span class='ocrx_word' id='word_1_131' title='bbox 923 1567 1012 1628; x_wconf 86' lang='lat' dir='ltr'>deses·</span> <span class='ocrx_word' id='word_1_132' title='bbox 1115 1593 1119 1600; x_wconf 89' lang='lat'><strong>·</strong></span> 
     </span>
    </p>
   </div>
   <div class='ocr_carea' id='block_1_8' title="bbox 139 1645 1020 2194">
    <p class='ocr_par' dir='ltr' id='par_1_9' title="bbox 147 1645 1012 1804">
     <span class='ocr_line' id='line_1_19' title="bbox 147 1645 1012 1726; baseline -0.001 -20"><span class='ocrx_word' id='word_1_133' title='bbox 147 1645 204 1706; x_wconf 89' lang='lat' dir='ltr'>sam</span> <span class='ocrx_word' id='word_1_134' title='bbox 228 1661 269 1707; x_wconf 89' lang='lat' dir='ltr'>tot</span> <span class='ocrx_word' id='word_1_135' title='bbox 293 1647 409 1707; x_wconf 81' lang='lat' dir='ltr'>adversas</span> <span class='ocrx_word' id='word_1_136' title='bbox 431 1646 531 1726; x_wconf 71' lang='lat' dir='ltr'>preliis</span> <span class='ocrx_word' id='word_1_137' title='bbox 551 1645 686 1716; x_wconf 79' lang='lat' dir='ltr'>Galliam,</span> <span class='ocrx_word' id='word_1_138' title='bbox 715 1645 873 1706; x_wconf 85' lang='lat' dir='ltr'>conditione</span> <span class='ocrx_word' id='word_1_139' title='bbox 895 1647 1012 1726; x_wconf 87' lang='lat' dir='ltr'>parendi</span> 
     </span>
     <span class='ocr_line' id='line_1_20' title="bbox 147 1725 656 1804; baseline 0.002 -21"><span class='ocrx_word' id='word_1_140' title='bbox 147 1725 271 1796; x_wconf 87' lang='lat' dir='ltr'>meliore,</span> <span class='ocrx_word' id='word_1_141' title='bbox 292 1725 374 1785; x_wconf 77' lang='lat' dir='ltr'>facile</span> <span class='ocrx_word' id='word_1_142' title='bbox 387 1725 416 1784; x_wconf 91' lang='lat' dir='ltr'>in</span> <span class='ocrx_word' id='word_1_143' title='bbox 430 1742 498 1804; x_wconf 88' lang='lat' dir='ltr'>pace</span> <span class='ocrx_word' id='word_1_144' title='bbox 512 1725 656 1786; x_wconf 86' lang='lat' dir='ltr'>continuit.</span> 
     </span>
    </p>

    <p class='ocr_par' dir='ltr' id='par_1_10' title="bbox 139 1799 1020 2194">
     <span class='ocr_line' id='line_1_21' title="bbox 185 1799 1011 1883; baseline 0.001 -22"><span class='ocrx_word' id='word_1_145' title='bbox 185 1803 263 1864; x_wconf 86' lang='lat' dir='ltr'><strong>XLI.</strong></span> <span class='ocrx_word' id='word_1_146' title='bbox 284 1804 354 1882; x_wconf 88' lang='lat' dir='ltr'>lpse,</span> <span class='ocrx_word' id='word_1_147' title='bbox 375 1804 506 1882; x_wconf 84' lang='lat' dir='ltr'>hybernis</span> <span class='ocrx_word' id='word_1_148' title='bbox 532 1805 656 1883; x_wconf 79' lang='lat' dir='ltr'>parastis,</span> <span class='ocrx_word' id='word_1_149' title='bbox 677 1799 1011 1864; x_wconf 76' lang='lat' dir='ltr'>contra‘consuerudinem</span> 
     </span>
     <span class='ocr_line' id='line_1_22' title="bbox 146 1871 1012 1962; baseline 0.007 -26"><span class='ocrx_word' id='word_1_150' title='bbox 146 1879 297 1940; x_wconf 87' lang='lat' dir='ltr'>initaliam</span> <span class='ocrx_word' id='word_1_151' title='bbox 320 1881 405 1959; x_wconf 77' lang='lat' dir='ltr'>quim</span> <span class='ocrx_word' id='word_1_152' title='bbox 428 1883 555 1942; x_wconf 83' lang='lat' dir='ltr'>maximis</span> <span class='ocrx_word' id='word_1_153' title='bbox 579 1883 719 1944; x_wconf 84' lang='lat' dir='ltr'>itineribus</span> <span class='ocrx_word' id='word_1_154' title='bbox 739 1884 776 1942; x_wconf 87' lang='lat' dir='ltr'>est</span> <span class='ocrx_word' id='word_1_155' title='bbox 797 1871 954 1962; x_wconf 59' lang='lat' dir='ltr'>prossslum</span> <span class='ocrx_word' id='word_1_156' title='bbox 979 1895 1012 1942; x_wconf 89' lang='lat' dir='ltr'>ut</span> 
     </span>
     <span class='ocr_line' id='line_1_23' title="bbox 139 1959 1010 2038; baseline 0.002 -22"><span class='ocrx_word' id='word_1_157' title='bbox 139 1959 344 2037; x_wconf 79' lang='lat' dir='ltr'>municipia&amp;</span> <span class='ocrx_word' id='word_1_158' title='bbox 368 1959 490 2019; x_wconf 83' lang='lat' dir='ltr'>colonias</span> <span class='ocrx_word' id='word_1_159' title='bbox 513 1961 673 2037; x_wconf 85' lang='lat' dir='ltr'>appellaret,</span> <span class='ocrx_word' id='word_1_160' title='bbox 701 1961 799 2038; x_wconf 89' lang='lat' dir='ltr'>quibus</span> <span class='ocrx_word' id='word_1_161' title='bbox 823 1963 868 2020; x_wconf 87' lang='lat' dir='ltr'>M.</span> <span class='ocrx_word' id='word_1_162' title='bbox 892 1961 1010 2020; x_wconf 87' lang='lat' dir='ltr'>Antonii</span> 
     </span>
     <span class='ocr_line' id='line_1_24' title="bbox 147 2033 1020 2115; baseline 0.006 -21"><span class='ocrx_word' id='word_1_163' title='bbox 147 2035 285 2114; x_wconf 81' lang='lat' dir='ltr'>quaesicris</span> <span class='ocrx_word' id='word_1_164' title='bbox 306 2033 346 2092; x_wconf 90' lang='lat' dir='ltr'>sui</span> <span class='ocrx_word' id='word_1_165' title='bbox 369 2037 576 2096; x_wconf 81' lang='lat' dir='ltr'>commendaret</span> <span class='ocrx_word' id='word_1_166' title='bbox 588 2036 732 2097; x_wconf 88' lang='lat' dir='ltr'>sacerdotii</span> <span class='ocrx_word' id='word_1_167' title='bbox 744 2039 923 2115; x_wconf 86' lang='lat' dir='ltr'>petitionem:</span> <span class='ocrx_word' id='word_1_168' title='bbox 944 2035 1020 2098; x_wconf 67' lang='lat' dir='ltr'>con-⁴</span> 
     </span>
     <span class='ocr_line' id='line_1_25' title="bbox 144 2112 1011 2194; baseline 0.005 -23"><span class='ocrx_word' id='word_1_169' title='bbox 144 2112 276 2194; x_wconf 46' lang='lat' dir='ltr'>tendffat</span> <span class='ocrx_word' id='word_1_170' title='bbox 299 2113 374 2170; x_wconf 85' lang='lat' dir='ltr'>enim</span> <span class='ocrx_word' id='word_1_171' title='bbox 397 2113 495 2192; x_wconf 70' lang='lat' dir='ltr'>gratia,</span> <span class='ocrx_word' id='word_1_172' title='bbox 525 2133 590 2172; x_wconf 88' lang='lat' dir='ltr'>cum</span> <span class='ocrx_word' id='word_1_173' title='bbox 611 2113 730 2173; x_wconf 88' lang='lat' dir='ltr'>libenter</span> <span class='ocrx_word' id='word_1_174' title='bbox 752 2134 803 2190; x_wconf 88' lang='lat' dir='ltr'>pro</span> <span class='ocrx_word' id='word_1_175' title='bbox 825 2117 938 2175; x_wconf 87' lang='lat' dir='ltr'>homine</span> <span class='ocrx_word' id='word_1_176' title='bbox 960 2117 1011 2175; x_wconf 89' lang='lat' dir='ltr'>fibi</span> 
     </span>
    </p>
   </div>
   <div class='ocr_carea' id='block_1_9' title="bbox 27 2186 1010 2271">
    <p class='ocr_par' dir='ltr' id='par_1_11' title="bbox 27 2186 1010 2271">
     <span class='ocr_line' id='line_1_26' title="bbox 27 2186 1010 2271; baseline 0 -20"><span class='ocrx_word' id='word_1_177' title='bbox 27 2186 31 2195; x_wconf 57' lang='lat'><em>¹</em></span> <span class='ocrx_word' id='word_1_178' title='bbox 146 2191 371 2268; x_wconf 78' lang='lat' dir='ltr'>conjunttiffimo,</span> <span class='ocrx_word' id='word_1_179' title='bbox 391 2209 477 2268; x_wconf 90' lang='lat' dir='ltr'>quem</span> <span class='ocrx_word' id='word_1_180' title='bbox 499 2189 593 2268; x_wconf 77' lang='lat' dir='ltr'>paullb</span> <span class='ocrx_word' id='word_1_181' title='bbox 615 2189 679 2250; x_wconf 71' lang='lat' dir='ltr'>ante</span> <span class='ocrx_word' id='word_1_182' title='bbox 696 2191 861 2268; x_wconf 81' lang='lat' dir='ltr'>praemiserat</span> <span class='ocrx_word' id='word_1_183' title='bbox 882 2193 917 2249; x_wconf 90' lang='lat' dir='ltr'>ad</span> <span class='ocrx_word' id='word_1_184' title='bbox 939 2197 1010 2271; x_wconf 90' lang='lat' dir='ltr'>peti-</span> 
     </span>
    </p>
   </div>
   <div class='ocr_carea' id='block_1_10' title="bbox 141 2265 1011 3371">
    <p class='ocr_par' dir='ltr' id='par_1_12' title="bbox 141 2265 1011 3371">
     <span class='ocr_line' id='line_1_27' title="bbox 146 2265 1010 2346; baseline 0.003 -18"><span class='ocrx_word' id='word_1_185' title='bbox 146 2270 270 2337; x_wconf 67' lang='lat' dir='ltr'>tionem</span> <span class='ocrx_word' id='word_1_186' title='bbox 304 2282 364 2329; x_wconf 87' lang='lat' dir='ltr'>tum</span> <span class='ocrx_word' id='word_1_187' title='bbox 390 2269 488 2328; x_wconf 87' lang='lat' dir='ltr'>acriter</span> <span class='ocrx_word' id='word_1_188' title='bbox 512 2280 609 2326; x_wconf 85' lang='lat' dir='ltr'>contra</span> <span class='ocrx_word' id='word_1_189' title='bbox 633 2265 783 2325; x_wconf 74' lang='lat' dir='ltr'>saslionem</span> <span class='ocrx_word' id='word_1_190' title='bbox 808 2271 1010 2346; x_wconf 86' lang='lat' dir='ltr'>&amp;potentiam</span> 
     </span>
     <span class='ocr_line' id='line_1_28' title="bbox 146 2345 1011 2427; baseline 0 -21"><span class='ocrx_word' id='word_1_191' title='bbox 146 2368 307 2427; x_wconf 83' lang='lat' dir='ltr'>paucorum,</span> <span class='ocrx_word' id='word_1_192' title='bbox 329 2347 387 2426; x_wconf 92' lang='lat' dir='ltr'>qui,</span> <span class='ocrx_word' id='word_1_193' title='bbox 409 2347 453 2404; x_wconf 89' lang='lat' dir='ltr'>M.</span> <span class='ocrx_word' id='word_1_194' title='bbox 469 2345 585 2404; x_wconf 88' lang='lat' dir='ltr'>Antonii</span> <span class='ocrx_word' id='word_1_195' title='bbox 598 2345 716 2423; x_wconf 74' lang='lat' dir='ltr'>repulsi,</span> <span class='ocrx_word' id='word_1_196' title='bbox 739 2345 851 2404; x_wconf 81' lang='lat' dir='ltr'>Caesaris</span> <span class='ocrx_word' id='word_1_197' title='bbox 874 2345 1011 2406; x_wconf 88' lang='lat' dir='ltr'>deceden-</span> 
     </span>
     <span class='ocr_line' id='line_1_29' title="bbox 146 2423 1010 2504; baseline 0 -19"><span class='ocrx_word' id='word_1_198' title='bbox 146 2426 180 2485; x_wconf 87' lang='lat' dir='ltr'>tis</span> <span class='ocrx_word' id='word_1_199' title='bbox 193 2425 351 2485; x_wconf 88' lang='lat' dir='ltr'>convellere</span> <span class='ocrx_word' id='word_1_200' title='bbox 372 2424 491 2504; x_wconf 85' lang='lat' dir='ltr'>gratiam</span> <span class='ocrx_word' id='word_1_201' title='bbox 513 2423 669 2503; x_wconf 79' lang='lat' dir='ltr'>cupiebant.</span> <span class='ocrx_word' id='word_1_202' title='bbox 711 2424 796 2482; x_wconf 90' lang='lat' dir='ltr'>Hunc</span> <span class='ocrx_word' id='word_1_203' title='bbox 814 2424 862 2482; x_wconf 87' lang='lat' dir='ltr'>etsr</span> <span class='ocrx_word' id='word_1_204' title='bbox 875 2434 1010 2503; x_wconf 82' lang='lat' dir='ltr'>augurem</span> 
     </span>
     <span class='ocr_line' id='line_1_30' title="bbox 145 2500 1010 2583; baseline 0.002 -23"><span class='ocrx_word' id='word_1_205' title='bbox 145 2503 220 2583; x_wconf 83' lang='lat' dir='ltr'>pribs</span> <span class='ocrx_word' id='word_1_206' title='bbox 243 2503 356 2572; x_wconf 74' lang='lat' dir='ltr'>factum,</span> <span class='ocrx_word' id='word_1_207' title='bbox 376 2500 460 2581; x_wconf 86' lang='lat' dir='ltr'>quaim</span> <span class='ocrx_word' id='word_1_208' title='bbox 483 2503 593 2561; x_wconf 85' lang='lat' dir='ltr'>Italiam</span> <span class='ocrx_word' id='word_1_209' title='bbox 615 2502 770 2580; x_wconf 87' lang='lat' dir='ltr'>attingeret,</span> <span class='ocrx_word' id='word_1_210' title='bbox 790 2503 819 2560; x_wconf 88' lang='lat' dir='ltr'>in</span> <span class='ocrx_word' id='word_1_211' title='bbox 841 2502 938 2561; x_wconf 87' lang='lat' dir='ltr'>itinere</span> <span class='ocrx_word' id='word_1_212' title='bbox 961 2524 1010 2562; x_wconf 87' lang='lat' dir='ltr'>au-</span> 
     </span>
     <span class='ocr_line' id='line_1_31' title="bbox 144 2580 1008 2660; baseline 0.001 -20"><span class='ocrx_word' id='word_1_213' title='bbox 144 2583 252 2648; x_wconf 81' lang='lat' dir='ltr'>dierat3</span> <span class='ocrx_word' id='word_1_214' title='bbox 273 2595 367 2640; x_wconf 88' lang='lat' dir='ltr'>tamen</span> <span class='ocrx_word' id='word_1_215' title='bbox 378 2599 434 2640; x_wconf 88' lang='lat' dir='ltr'>non</span> <span class='ocrx_word' id='word_1_216' title='bbox 443 2580 537 2640; x_wconf 51' lang='lat' dir='ltr'>¹minin</span> <span class='ocrx_word' id='word_1_217' title='bbox 546 2583 646 2658; x_wconf 83' lang='lat' dir='ltr'>justam</span> <span class='ocrx_word' id='word_1_218' title='bbox 665 2581 718 2640; x_wconf 80' lang='lat' dir='ltr'>flbi-</span> <span class='ocrx_word' id='word_1_219' title='bbox 734 2582 843 2640; x_wconf 88' lang='lat' dir='ltr'>causam</span> <span class='ocrx_word' id='word_1_220' title='bbox 857 2581 1008 2660; x_wconf 88' lang='lat' dir='ltr'>municipia</span> 
     </span>
     <span class='ocr_line' id='line_1_32' title="bbox 144 2659 1007 2740; baseline 0.002 -22"><span class='ocrx_word' id='word_1_221' title='bbox 144 2665 171 2718; x_wconf 72' lang='lat' dir='ltr'>tr</span> <span class='ocrx_word' id='word_1_222' title='bbox 192 2659 313 2717; x_wconf 84' lang='lat' dir='ltr'>colonias</span> <span class='ocrx_word' id='word_1_223' title='bbox 338 2659 458 2718; x_wconf 87' lang='lat' dir='ltr'>adeundi</span> <span class='ocrx_word' id='word_1_224' title='bbox 480 2659 652 2730; x_wconf 81' lang='lat' dir='ltr'>existimavit,</span> <span class='ocrx_word' id='word_1_225' title='bbox 673 2674 703 2718; x_wconf 91' lang='lat' dir='ltr'>ut</span> <span class='ocrx_word' id='word_1_226' title='bbox 726 2659 758 2718; x_wconf 90' lang='lat' dir='ltr'>iis</span> <span class='ocrx_word' id='word_1_227' title='bbox 777 2661 878 2740; x_wconf 87' lang='lat' dir='ltr'>gratias</span> <span class='ocrx_word' id='word_1_228' title='bbox 894 2673 1007 2739; x_wconf 75' lang='lat' dir='ltr'>ageret,</span> 
     </span>
     <span class='ocr_line' id='line_1_33' title="bbox 146 2735 1007 2816; baseline 0.003 -22"><span class='ocrx_word' id='word_1_229' title='bbox 146 2735 223 2814; x_wconf 85' lang='lat' dir='ltr'>qubd</span> <span class='ocrx_word' id='word_1_230' title='bbox 242 2736 426 2814; x_wconf 83' lang='lat' dir='ltr'>frequentiam</span> <span class='ocrx_word' id='word_1_231' title='bbox 441 2753 523 2816; x_wconf 87' lang='lat' dir='ltr'>atque</span> <span class='ocrx_word' id='word_1_232' title='bbox 542 2737 662 2798; x_wconf 88' lang='lat' dir='ltr'>officium</span> <span class='ocrx_word' id='word_1_233' title='bbox 678 2736 754 2797; x_wconf 84' lang='lat' dir='ltr'>suurn</span> <span class='ocrx_word' id='word_1_234' title='bbox 769 2739 894 2798; x_wconf 77' lang='lat' dir='ltr'>Antonio</span> <span class='ocrx_word' id='word_1_235' title='bbox 905 2739 1007 2815; x_wconf 86' lang='lat' dir='ltr'>praesli-</span> 
     </span>
     <span class='ocr_line' id='line_1_34' title="bbox 145 2815 1006 2894; baseline 0.003 -23"><span class='ocrx_word' id='word_1_236' title='bbox 145 2815 250 2872; x_wconf 85' lang='lat' dir='ltr'>sissent:</span> <span class='ocrx_word' id='word_1_237' title='bbox 272 2815 405 2893; x_wconf 80' lang='lat' dir='ltr'>srmblque</span> <span class='ocrx_word' id='word_1_238' title='bbox 417 2815 444 2874; x_wconf 89' lang='lat' dir='ltr'>se</span> <span class='ocrx_word' id='word_1_239' title='bbox 457 2816 630 2877; x_wconf 81' lang='lat' dir='ltr'>&amp;honorem</span> <span class='ocrx_word' id='word_1_240' title='bbox 643 2817 720 2874; x_wconf 88' lang='lat' dir='ltr'>suum</span> <span class='ocrx_word' id='word_1_241' title='bbox 733 2817 762 2874; x_wconf 91' lang='lat' dir='ltr'>in</span> <span class='ocrx_word' id='word_1_242' title='bbox 779 2817 943 2894; x_wconf 87' lang='lat' dir='ltr'>insequentis</span> <span class='ocrx_word' id='word_1_243' title='bbox 957 2835 1006 2874; x_wconf 82' lang='lat' dir='ltr'>aa·</span> 
     </span>
     <span class='ocr_line' id='line_1_35' title="bbox 143 2892 1006 2985; baseline 0.003 -34"><span class='ocrx_word' id='word_1_244' title='bbox 143 2892 173 2951; x_wconf 89' lang='lat' dir='ltr'>ni</span> <span class='ocrx_word' id='word_1_245' title='bbox 192 2894 400 2954; x_wconf 86' lang='lat' dir='ltr'>commendaret</span> <span class='ocrx_word' id='word_1_246' title='bbox 418 2894 569 2985; x_wconf 69' lang='lat' dir='ltr'>petitionea</span> <span class='ocrx_word' id='word_1_247' title='bbox 590 2911 736 2973; x_wconf 86' lang='lat' dir='ltr'>propterea</span> <span class='ocrx_word' id='word_1_248' title='bbox 761 2895 835 2972; x_wconf 79' lang='lat' dir='ltr'>qubd</span> <span class='ocrx_word' id='word_1_249' title='bbox 858 2893 1006 2954; x_wconf 89' lang='lat' dir='ltr'>insolenter</span> 
     </span>
     <span class='ocr_line' id='line_1_36' title="bbox 143 2969 1006 3050; baseline 0.003 -22"><span class='ocrx_word' id='word_1_250' title='bbox 143 2969 290 3029; x_wconf 77' lang='lat' dir='ltr'>adversarii</span> <span class='ocrx_word' id='word_1_251' title='bbox 310 2970 350 3030; x_wconf 89' lang='lat' dir='ltr'>sui</span> <span class='ocrx_word' id='word_1_252' title='bbox 363 2971 553 3050; x_wconf 79' lang='lat' dir='ltr'>gloriarentur,</span> <span class='ocrx_word' id='word_1_253' title='bbox 576 2975 609 3030; x_wconf 88' lang='lat' dir='ltr'>L.</span> <span class='ocrx_word' id='word_1_254' title='bbox 627 2972 775 3032; x_wconf 87' lang='lat' dir='ltr'>Lentulum</span> <span class='ocrx_word' id='word_1_255' title='bbox 797 2979 823 3031; x_wconf 71' lang='grc' dir='ltr'>δι</span> <span class='ocrx_word' id='word_1_256' title='bbox 837 2974 870 3030; x_wconf 93' lang='lat' dir='ltr'>C.</span> <span class='ocrx_word' id='word_1_257' title='bbox 883 2971 1006 3050; x_wconf 55' lang='lat' dir='ltr'>Marcelf</span> 
     </span>
     <span class='ocr_line' id='line_1_37' title="bbox 142 3046 1004 3128; baseline 0.005 -22"><span class='ocrx_word' id='word_1_258' title='bbox 142 3047 201 3108; x_wconf 88' lang='lat' dir='ltr'>lum</span> <span class='ocrx_word' id='word_1_259' title='bbox 215 3046 347 3107; x_wconf 89' lang='lat' dir='ltr'>Consules</span> <span class='ocrx_word' id='word_1_260' title='bbox 369 3063 485 3117; x_wconf 83' lang='lat' dir='ltr'>creatos,</span> <span class='ocrx_word' id='word_1_261' title='bbox 508 3051 556 3126; x_wconf 85' lang='lat' dir='ltr'>qui</span> <span class='ocrx_word' id='word_1_262' title='bbox 569 3071 680 3108; x_wconf 87' lang='lat' dir='ltr'>omnem</span> <span class='ocrx_word' id='word_1_263' title='bbox 693 3052 829 3110; x_wconf 89' lang='lat' dir='ltr'>honorem</span> <span class='ocrx_word' id='word_1_264' title='bbox 849 3057 874 3108; x_wconf 63' lang='grc' dir='ltr'>ἂν</span> <span class='ocrx_word' id='word_1_265' title='bbox 886 3049 1004 3128; x_wconf 85' lang='lat' dir='ltr'>dignita·</span> 
     </span>
     <span class='ocr_line' id='line_1_38' title="bbox 142 3119 1005 3208; baseline 0.001 -25"><span class='ocrx_word' id='word_1_266' title='bbox 142 3137 200 3184; x_wconf 87' lang='lat' dir='ltr'>tem</span> <span class='ocrx_word' id='word_1_267' title='bbox 214 3125 327 3185; x_wconf 81' lang='lat' dir='ltr'>Caesaris</span> <span class='ocrx_word' id='word_1_268' title='bbox 351 3129 534 3208; x_wconf 84' lang='lat' dir='ltr'>exspoliarent</span> <span class='ocrx_word' id='word_1_269' title='bbox 541 3153 549 3194; x_wconf 80' lang='lat'>3</span> <span class='ocrx_word' id='word_1_270' title='bbox 569 3143 695 3206; x_wconf 89' lang='lat' dir='ltr'>ereptum</span> <span class='ocrx_word' id='word_1_271' title='bbox 716 3130 773 3184; x_wconf 87' lang='lat' dir='ltr'>Ser.</span> <span class='ocrx_word' id='word_1_272' title='bbox 788 3128 889 3186; x_wconf 83' lang='lat' dir='ltr'>Galbae</span> <span class='ocrx_word' id='word_1_273' title='bbox 908 3119 977 3186; x_wconf 88' lang='lat' dir='ltr'>cons</span> <span class='ocrx_word' id='word_1_274' title='bbox 992 3163 1005 3174; x_wconf 93' lang='lat'><em>-</em></span> 
     </span>
     <span class='ocr_line' id='line_1_39' title="bbox 142 3203 1003 3285; baseline 0.001 -23"><span class='ocrx_word' id='word_1_275' title='bbox 142 3203 239 3271; x_wconf 84' lang='lat' dir='ltr'>latum,</span> <span class='ocrx_word' id='word_1_276' title='bbox 261 3224 347 3282; x_wconf 90' lang='lat' dir='ltr'>quum</span> <span class='ocrx_word' id='word_1_277' title='bbox 360 3207 382 3262; x_wconf 90' lang='lat' dir='ltr'>is</span> <span class='ocrx_word' id='word_1_278' title='bbox 395 3207 484 3264; x_wconf 85' lang='lat' dir='ltr'>multo</span> <span class='ocrx_word' id='word_1_279' title='bbox 497 3205 557 3282; x_wconf 86' lang='lat' dir='ltr'>plus</span> <span class='ocrx_word' id='word_1_280' title='bbox 571 3207 659 3284; x_wconf 84' lang='lat' dir='ltr'>gratiai</span> <span class='ocrx_word' id='word_1_281' title='bbox 672 3203 858 3285; x_wconf 86' lang='lat' dir='ltr'>suffragiisque</span> <span class='ocrx_word' id='word_1_282' title='bbox 871 3206 1003 3274; x_wconf 84' lang='lat' dir='ltr'>valuisset,</span> 
     </span>
     <span class='ocr_line' id='line_1_40' title="bbox 141 3280 1003 3371; baseline 0.005 -33"><span class='ocrx_word' id='word_1_283' title='bbox 141 3280 217 3371; x_wconf 64' lang='lat' dir='ltr'>quod</span> <span class='ocrx_word' id='word_1_284' title='bbox 230 3281 279 3340; x_wconf 86' lang='lat' dir='ltr'>srbi</span> <span class='ocrx_word' id='word_1_285' title='bbox 291 3283 451 3359; x_wconf 64' lang='lat' dir='ltr'>conjunsIus</span> <span class='ocrx_word' id='word_1_286' title='bbox 471 3289 497 3343; x_wconf 73' lang='lat' dir='ltr'>st</span> <span class='ocrx_word' id='word_1_287' title='bbox 510 3283 696 3345; x_wconf 79' lang='lat' dir='ltr'>familiaritate</span> <span class='ocrx_word' id='word_1_288' title='bbox 715 3288 740 3341; x_wconf 85' lang='lat'>&amp;</span> <span class='ocrx_word' id='word_1_289' title='bbox 753 3283 943 3346; x_wconf 78' lang='lat' dir='ltr'>necessitudine</span> <span class='ocrx_word' id='word_1_290' title='bbox 962 3282 1003 3342; x_wconf 88' lang='lat' dir='ltr'>le-</span> 
     </span>
    </p>
   </div>
   <div class='ocr_carea' id='block_1_11' title="bbox 140 3359 1004 3496">
    <p class='ocr_par' dir='ltr' id='par_1_13' title="bbox 140 3359 1004 3496">
     <span class='ocr_line' id='line_1_41' title="bbox 140 3359 345 3440; baseline 0 -20"><span class='ocrx_word' id='word_1_291' title='bbox 140 3359 259 3440; x_wconf 75' lang='lat' dir='ltr'>gationis</span> <span class='ocrx_word' id='word_1_292' title='bbox 272 3361 345 3424; x_wconf 73' lang='lat' dir='ltr'>esset.</span> 
     </span>
     <span class='ocr_line' id='line_1_42' title="bbox 911 3433 1004 3496; baseline -0.022 0"><span class='ocrx_word' id='word_1_293' title='bbox 911 3433 1004 3496; x_wconf 86' lang='lat' dir='ltr'><strong>XLII.</strong></span> 
     </span>
    </p>
   </div>
   <div class='ocr_carea' id='block_1_12' title="bbox 0 0 1148 3776">
    <p class='ocr_par' dir='ltr' id='par_1_14' title="bbox 0 0 1148 3776">
     <span class='ocr_line' id='line_1_43' title="bbox 0 0 1148 3776; baseline 0 1"><span class='ocrx_word' id='word_1_294' title='bbox 0 0 1148 3776; x_wconf 95' lang='lat' dir='ltr'> </span> 
     </span>
    </p>
   </div>
  </div>
 </body>
</html>
