2302 3782
185 173 256 248 292
349 149 911 243 C.Jua11Cmstnrs

187 278 300 340 Caesarir
320 277 417 340 milites
439 282 664 352 exanimarentur,
694 287 721 340 tr
752 281 901 342 laffitudine
933 284 1051 348 confise:

184 362 297 446 rentur..
326 356 411 446 Qod
435 357 512 416 nobis
533 358 646 435 quidem
670 358 745 417 nulli
769 360 874 418 ratione
905 359 1006 422 tatium
1030 364 1047 425 d

184 433 317 510 llornpero
340 433 469 499 vrdetnrt
496 447 640 512 propterea
661 433 737 511 quod
757 435 795 494 est
812 435 938 513 quaedam
962 440 1047 500 animi

183 509 307 568 incitatio
343 524 426 588 atque
451 511 572 569 alacritas
603 510 758 572 naturaliter
791 512 883 572 innata
908 516 1046 586 omnibus,

183 605 245 662 quae
265 585 351 644 studio
373 605 472 666 pugne
484 586 654 652 ineruditata
674 589 746 648 hanc
758 607 813 648 non
827 590 981 666 reprimere,
997 591 1047 652 led

183 679 284 796 ilff‘
307 663 653 799 impefltatoresfidebent:di
664 683 755 743 neque
779 665 872 756 frustra
896 666 1048 801 antqquitue

183 751 423 893 iquittddniieifi
435 753 575 884 ¹ddllerffi
589 755 938 894 qqibqlqeoecppscrqetpqqae
960 761 1047 878 ‘seqq

182 894 216 963 ri,
241 899 266 952 dr
288 891 347 950 suos
360 891 465 952 incitari
487 893 711 954 existimaverunt.
751 895 806 954 Sed
829 897 911 954 notlri
937 895 1048 968 milites,

181 970 247 1029 dato
268 969 353 1046 figno‚
379 989 464 1047 quum
489 969 587 1028 infestis
611 971 672 1046 pilis
698 971 927 1048 procucurrill'ent,
961 985 1045 1049 atque

69 1111 72 1124 x
181 1047 430 1106 animadvertilient
447 1065 503 1104 non
516 1048 639 1106 concurri
653 1045 670 1106 d
683 1045 867 1125 Pompeianis;
887 1047 932 1106 usu
954 1050 1045 1125 periti,

181 1125 215 1182 ric
227 1121 402 1199 superioribus
419 1124 517 1202 pugnis
535 1125 682 1194 exercitati,
700 1122 745 1180 sut
763 1123 857 1201 sponte
876 1123 979 1185 curium
1001 1143 1045 1182 re-
1141 1161 1142 1184 ι

180 1197 343 1282 pretieruntr
362 1206 388 1260 tr
409 1201 445 1260 ad
463 1199 583 1260 medium
601 1199 657 1262 leri
677 1199 789 1278 spatium
809 1203 1045 1268 contritamque

181 1273 345 1353 consumptis
357 1278 458 1337 vitibus
471 1279 736 1356 appropinquareuts
758 1277 897 1356 parvo'que
909 1277 1043 1337 intermis-

181 1351 358 1432 intemperie
379 1355 473 1432 spatio,
493 1373 524 1414 ac
543 1353 629 1414 rursus
649 1369 780 1414 renovato
806 1353 893 1424 cursu,
914 1355 971 1433 pila
990 1355 1045 1414 mi·

181 1427 287 1496 seruntr
307 1431 492 1512 celerite'rqne,
511 1443 541 1489 nt
560 1443 620 1492 erat
637 1444 803 1525 praeteptutn
817 1430 834 1490 ὲ
849 1429 962 1500 Caesare,
982 1431 1042 1508 gle-

180 1507 241 1566 dios
262 1509 431 1568 strinxerunt.
469 1507 570 1583 Neque
589 1527 655 1566 vero
669 1508 826 1584 Pompeiani
848 1508 912 1568 huic
933 1509 972 1567 rei
994 1507 1044 1568 de·

178 1582 306 1644 fuerunt:
326 1591 436 1643 nam&
457 1584 511 1642 tela
522 1583 597 1642 milla
611 1596 782 1657 exceperunt,
802 1588 828 1640 de
848 1585 985 1660 impetum
1003 1583 1045 1646 le·

178 1661 295 1736 gionunr
316 1661 443 1730 tulerunt,
474 1664 501 1715 dr
526 1657 632 1715 ordines
656 1656 897 1722 conservaverunts
930 1661 1046 1748 pilisque

178 1737 260 1798 millis
287 1736 322 1794 ttd
350 1735 454 1808 gladios
478 1733 623 1792 redierunt.
663 1729 769 1786 Eodem
794 1741 916 1804 tempore
938 1749 1047 1810 equites

178 1811 314 1872 tifinillro
331 1808 453 1884 Pompeii
478 1823 573 1872 cornu,
593 1817 625 1862 ut
643 1816 702 1868 erat
722 1803 894 1880 imperatum,
924 1809 1047 1876 univerli

105 1917 112 1928 ·
177 1886 417 1965 pr'ocucurrerunts
437 1878 578 1956 omnisque
586 1877 729 1939 multitudo
737 1879 933 1956 sagittariorum
943 1880 969 1940 se
978 1905 1048 1963 pro.

129 1993 133 2006 ·
166 1955 264 2027 'ludits
284 1979 400 2041 quorum
422 1959 553 2038 impetum
573 1957 660 2038 noller
670 1955 804 2034 equitatus
830 1976 886 2018 non
906 1960 974 2031 tulit,
995 1963 1044 2025 sed

176 2037 298 2117 paullum
317 2035 485 2098 loco'rrtotun
505 2034 595 2103 cetis,
628 2031 781 2112 equitesque
801 2033 960 2130 Pompeiani
985 2037 1042 2104 hdc

177 2115 267 2176 acriis
289 2115 393 2184 instare,
412 2119 438 2174 dr
457 2111 484 2173 se
507 2111 646 2174 turmatim
658 2109 805 2190 explicare,
823 2112 966 2190 aciemque
987 2132 1040 2176 rto·

177 2193 259 2252 stram
283 2192 300 2254 d
322 2193 407 2252 latere
427 2199 520 2270 aperto
553 2188 667 2248 circuire
694 2200 844 2266 coeperunt·
883 2191 965 2268 Quod
992 2189 1041 2256 ubi

177 2271 268 2330 Caesar
286 2270 492 2333 animadvertits
517 2285 553 2326 rv
568 2266 645 2336 aciei,
666 2283 749 2342 quam
770 2265 915 2324 instituerat
936 2264 980 2324 sex
994 2286 1041 2330 cn·

178 2347 299 2410 hortium
312 2367 436 2415 numero,
454 2345 561 2421 srgnum
574 2342 657 2401 dedit.
696 2341 740 2399 llll
753 2341 875 2401 celeriter
891 2361 1042 2432 procucur-

178 2439 289 2490 rerunt;
314 2422 467 2499 infestisque
485 2418 567 2496 lignis
587 2419 662 2480 tanti
682 2419 710 2476 vi
734 2419 762 2478 in
788 2419 909 2495 Pompeii
934 2421 1042 2495 equites

178 2503 314 2579 impetum
335 2499 465 2564 fecerunt,
486 2509 516 2554 ut
537 2513 631 2553 eorum
652 2511 734 2556 tremo
753 2494 915 2563 consisteret,
936 2495 1042 2556 omne‘s·

179 2597 235 2655 que
249 2576 370 2637 conversi
391 2593 445 2632 non
469 2571 556 2630 solitm
576 2569 639 2628 loco
663 2569 833 2641 excederent,
852 2571 897 2630 led
919 2571 1040 2650 protinus

178 2655 290 2723 incitati,
310 2651 376 2728 fugi
395 2661 500 2712 montes
522 2645 654 2708 nltiffimos
675 2658 806 2736 peterent.
847 2647 949 2726 Qibus
967 2647 1041 2706 sum·

179 2733 270 2798 motis,
289 2746 384 2789 onmes
406 2721 534 2802 lagittarii
550 2721 752 2800 funditoresque
770 2724 893 2794 destituti,
912 2724 1041 2798 inermes,

178 2806 236 2867 fine
255 2803 384 2884 praesidio
402 2799 536 2872 intersedii
552 2798 621 2861 suut.
657 2798 764 2863 Eodem
783 2801 884 2878 impetn
911 2802 1040 2861 cohortes

178 2885 413 2949 srnistrumcortru,
433 2875 612 2956 pugnantibus
633 2874 715 2934 etiam
737 2889 796 2935 tum
818 2897 850 2936 ac
862 2876 1040 2942 resilient-bus

177 2962 208 3031 in
229 2961 287 3018 acie
299 2959 366 3016 Pom
388 2957 478 3024 eirtnis',
497 2953 685 3016 circumierunt
691 2975 699 3018 ;
719 2951 817 3042 edique
838 2953 855 3012 t
877 2969 953 3032 tergo
976 2951 1039 3015 sunt

1051 1601 1059 1610 r

1141 1831 1142 1842 t

1141 2517 1142 2524 r

1141 2561 1142 2570 r

177 3035 275 3108 adorti.
314 3034 339 3094 E
377 3043 421 3094 e'm
454 3041 576 3108 ternpore
600 3028 707 3086 tertiam
737 3049 824 3088 acrem
849 3026 947 3100 Caesar,
976 3047 1040 3106 quae
1141 3089 1142 3092 ,

178 3111 269 3186 quieta
291 3110 386 3181 fuerat,
406 3115 431 3168 dr
451 3108 477 3166 se
497 3109 532 3166 ad
552 3105 582 3162 id
606 3118 709 3180 tempus
733 3105 794 3164 loco
815 3119 946 3176 tenuerat,
972 3123 1039 3182 pro·

175 3201 283 3252 currere
297 3185 374 3259 julsrt.
412 3185 457 3244 Ita
470 3202 555 3262 quum
574 3193 693 3239 recentes
720 3186 801 3260 atque
834 3182 931 3261 integri
950 3179 1041 3240 defes-
1141 3187 1142 3194 ’

161 3259 474 3334 insusurrarent
497 3272 587 3344 auten
609 3256 626 3339 i
649 3257 934 3346 sargoptoruenn,
966 3253 1045 3408 {3¹35
