<?xml version="1.0" encoding="UTF-8"?>
<!DOCTYPE html PUBLIC "-//W3C//DTD XHTML 1.0 Transitional//EN"
    "http://www.w3.org/TR/xhtml1/DTD/xhtml1-transitional.dtd">
<html xmlns="http://www.w3.org/1999/xhtml" xml:lang="en" lang="en">
 <head>
  <title>
</title>
<meta http-equiv="Content-Type" content="text/html;charset=utf-8" />
  <meta name='ocr-system' content='tesseract 3.04.00' />
  <meta name='ocr-capabilities' content='ocr_page ocr_carea ocr_par ocr_line ocrx_word'/>
</head>
<body>
  <div class='ocr_page' id='page_1' title='image "./cjuliicaesarise00mattgoog_0429.png"; bbox 0 0 2228 3754; ppageno 0'>
   <div class='ocr_carea' id='block_1_1' title="bbox 222 201 964 289">
    <p class='ocr_par' dir='ltr' id='par_1_1' title="bbox 222 201 964 289">
     <span class='ocr_line' id='line_1_1' title="bbox 222 201 964 289; baseline -0.004 -14"><span class='ocrx_word' id='word_1_1' title='bbox 222 205 290 280; x_wconf 82' lang='lat' dir='ltr'>Dr.</span> <span class='ocrx_word' id='word_1_2' title='bbox 316 202 459 284; x_wconf 62' lang='lat' dir='ltr'>Bfrnno</span> <span class='ocrx_word' id='word_1_3' title='bbox 485 201 526 277; x_wconf 84' lang='lat' dir='ltr'><strong>H</strong></span> <span class='ocrx_word' id='word_1_4' title='bbox 538 214 819 286; x_wconf 74' lang='lat' dir='ltr'>rs&#39;rnursnsr.</span> <span class='ocrx_word' id='word_1_5' title='bbox 885 211 964 289; x_wconf 67' lang='lat'>393·</span> 
     </span>
    </p>
   </div>
   <div class='ocr_carea' id='block_1_2' title="bbox 79 319 953 724">
    <p class='ocr_par' dir='ltr' id='par_1_2' title="bbox 79 319 953 492">
     <span class='ocr_line' id='line_1_2' title="bbox 79 319 953 462; baseline -0.024 -66"><span class='ocrx_word' id='word_1_6' title='bbox 79 337 308 414; x_wconf 69' lang='lat' dir='ltr'>qni&#39;e&#39;onditio&#39;ne</span> <span class='ocrx_word' id='word_1_7' title='bbox 330 333 424 412; x_wconf 84' lang='lat' dir='ltr'>posset,</span> <span class='ocrx_word' id='word_1_8' title='bbox 445 329 611 390; x_wconf 81' lang='lat' dir='ltr'>adversarios</span> <span class='ocrx_word' id='word_1_9' title='bbox 623 329 652 386; x_wconf 91' lang='lat' dir='ltr'>in</span> <span class='ocrx_word' id='word_1_10' title='bbox 666 347 774 462; x_wconf 67' lang='lat' dir='ltr'>aeguum</span> <span class='ocrx_word' id='word_1_11' title='bbox 792 324 885 382; x_wconf 88' lang='lat' dir='ltr'>locum</span> <span class='ocrx_word' id='word_1_12' title='bbox 903 319 953 376; x_wconf 88' lang='lat' dir='ltr'>de-</span> 
     </span>
     <span class='ocr_line' id='line_1_3' title="bbox 79 403 898 492; baseline -0.018 -20"><span class='ocrx_word' id='word_1_13' title='bbox 79 417 195 484; x_wconf 79' lang='lat' dir='ltr'>ducere,</span> <span class='ocrx_word' id='word_1_14' title='bbox 214 419 239 472; x_wconf 85' lang='lat'>&amp;</span> <span class='ocrx_word' id='word_1_15' title='bbox 252 414 343 492; x_wconf 87' lang='lat' dir='ltr'>primo</span> <span class='ocrx_word' id='word_1_16' title='bbox 353 429 464 490; x_wconf 87' lang='lat' dir='ltr'>quoque</span> <span class='ocrx_word' id='word_1_17' title='bbox 476 424 599 486; x_wconf 89' lang='lat' dir='ltr'>tempore</span> <span class='ocrx_word' id='word_1_18' title='bbox 611 407 647 464; x_wconf 87' lang='lat' dir='ltr'>de</span> <span class='ocrx_word' id='word_1_19' title='bbox 659 406 694 464; x_wconf 89' lang='lat' dir='ltr'>be</span> <span class='ocrx_word' id='word_1_20' title='bbox 706 403 733 464; x_wconf 91' lang='lat' dir='ltr'>lo</span> <span class='ocrx_word' id='word_1_21' title='bbox 742 404 898 462; x_wconf 83' lang='lat' dir='ltr'>decernere.</span> 
     </span>
    </p>

    <p class='ocr_par' dir='ltr' id='par_1_3' title="bbox 80 473 953 724">
     <span class='ocr_line' id='line_1_4' title="bbox 122 473 952 570; baseline -0.024 -19.011"><span class='ocrx_word' id='word_1_22' title='bbox 80 495 181 552; x_wconf 81' lang='lat' dir='ltr'>-VL2</span> <span class='ocrx_word' id='word_1_23' title='bbox 198 493 292 570; x_wconf 82' lang='lat' dir='ltr'>Qum</span> <span class='ocrx_word' id='word_1_24' title='bbox 310 488 543 548; x_wconf 84' lang='lat' dir='ltr'>animadverteret</span> <span class='ocrx_word' id='word_1_25' title='bbox 552 483 717 544; x_wconf 84' lang='lat' dir='ltr'>adversarios</span> <span class='ocrx_word' id='word_1_26' title='bbox 731 479 844 540; x_wconf 71' lang='lat' dir='ltr'>minime</span> <span class='ocrx_word' id='word_1_27' title='bbox 861 473 952 541; x_wconf 88' lang='lat' dir='ltr'>velle,</span> 
     </span>
     <span class='ocr_line' id='line_1_5' title="bbox 80 558 951 647; baseline -0.018 -20"><span class='ocrx_word' id='word_1_28' title='bbox 80 589 153 647; x_wconf 87' lang='lat' dir='ltr'>quos</span> <span class='ocrx_word' id='word_1_29' title='bbox 174 569 237 630; x_wconf 90' lang='lat' dir='ltr'>ideo</span> <span class='ocrx_word' id='word_1_30' title='bbox 258 567 275 626; x_wconf 79' lang='grc' dir='ltr'>ὲ</span> <span class='ocrx_word' id='word_1_31' title='bbox 296 568 342 625; x_wconf 76' lang='lat' dir='ltr'>viai</span> <span class='ocrx_word' id='word_1_32' title='bbox 366 578 525 631; x_wconf 83' lang='lat' dir='ltr'>retraxerat,</span> <span class='ocrx_word' id='word_1_33' title='bbox 554 577 584 623; x_wconf 93' lang='lat' dir='ltr'>ut</span> <span class='ocrx_word' id='word_1_34' title='bbox 606 563 636 620; x_wconf 89' lang='lat' dir='ltr'>in</span> <span class='ocrx_word' id='word_1_35' title='bbox 657 580 766 638; x_wconf 85' lang='lat' dir='ltr'>aequum</span> <span class='ocrx_word' id='word_1_36' title='bbox 785 558 951 618; x_wconf 85' lang='lat' dir='ltr'>deduceret:</span> 
     </span>
     <span class='ocr_line' id='line_1_6' title="bbox 80 635 953 724; baseline -0.015 -20"><span class='ocrx_word' id='word_1_37' title='bbox 80 639 170 724; x_wconf 82' lang='lat' dir='ltr'>copiis</span> <span class='ocrx_word' id='word_1_38' title='bbox 191 649 293 706; x_wconf 85' lang='lat' dir='ltr'>flumen</span> <span class='ocrx_word' id='word_1_39' title='bbox 313 642 479 708; x_wconf 73' lang='lat' dir='ltr'>transductis,</span> <span class='ocrx_word' id='word_1_40' title='bbox 500 644 581 700; x_wconf 74' lang='lat' dir='ltr'>nostu</span> <span class='ocrx_word' id='word_1_41' title='bbox 595 639 675 717; x_wconf 85' lang='lat' dir='ltr'>jubet</span> <span class='ocrx_word' id='word_1_42' title='bbox 697 639 774 716; x_wconf 85' lang='lat' dir='ltr'>ignes</span> <span class='ocrx_word' id='word_1_43' title='bbox 794 635 853 694; x_wconf 89' lang='lat' dir='ltr'>fieri</span> <span class='ocrx_word' id='word_1_44' title='bbox 873 652 953 710; x_wconf 78' lang='lat' dir='ltr'>mag-</span> 
     </span>
    </p>
   </div>
   <div class='ocr_carea' id='block_1_3' title="bbox 80 712 1102 798">
    <p class='ocr_par' dir='ltr' id='par_1_4' title="bbox 80 712 1102 798">
     <span class='ocr_line' id='line_1_7' title="bbox 80 712 1102 798; baseline -0.017 -17"><span class='ocrx_word' id='word_1_45' title='bbox 80 743 142 782; x_wconf 90' lang='lat' dir='ltr'>nos.</span> <span class='ocrx_word' id='word_1_46' title='bbox 183 726 227 782; x_wconf 88' lang='lat' dir='ltr'>Ita</span> <span class='ocrx_word' id='word_1_47' title='bbox 249 722 424 781; x_wconf 79' lang='lat' dir='ltr'>firmissimum</span> <span class='ocrx_word' id='word_1_48' title='bbox 444 722 501 798; x_wconf 88' lang='lat' dir='ltr'>ejus</span> <span class='ocrx_word' id='word_1_49' title='bbox 514 719 667 797; x_wconf 81' lang='lat' dir='ltr'>praesrdium</span> <span class='ocrx_word' id='word_1_50' title='bbox 685 719 824 794; x_wconf 86' lang='lat' dir='ltr'>Ateguam</span> <span class='ocrx_word' id='word_1_51' title='bbox 845 712 954 792; x_wconf 76' lang='lat' dir='ltr'>profici·</span> <span class='ocrx_word' id='word_1_52' title='bbox 1052 746 1055 755; x_wconf 87' lang='lat'>·</span> <span class='ocrx_word' id='word_1_53' title='bbox 1101 725 1102 736; x_wconf 60' lang='lat'>¹</span> 
     </span>
    </p>
   </div>
   <div class='ocr_carea' id='block_1_4' title="bbox 11 788 1044 1970">
    <p class='ocr_par' dir='ltr' id='par_1_5' title="bbox 11 788 1044 1970">
     <span class='ocr_line' id='line_1_8' title="bbox 80 788 955 930; baseline -0.014 -72"><span class='ocrx_word' id='word_1_54' title='bbox 80 800 191 860; x_wconf 61' lang='lat' dir='ltr'>scitur:</span> <span class='ocrx_word' id='word_1_55' title='bbox 214 801 246 858; x_wconf 90' lang='lat' dir='ltr'>Id</span> <span class='ocrx_word' id='word_1_56' title='bbox 277 819 363 876; x_wconf 89' lang='lat' dir='ltr'>quum</span> <span class='ocrx_word' id='word_1_57' title='bbox 382 799 529 878; x_wconf 88' lang='lat' dir='ltr'>Pompeius</span> <span class='ocrx_word' id='word_1_58' title='bbox 549 816 584 856; x_wconf 87' lang='lat' dir='ltr'>ex</span> <span class='ocrx_word' id='word_1_59' title='bbox 614 794 735 930; x_wconf 63' lang='lat' dir='ltr'>perfugis</span> <span class='ocrx_word' id='word_1_60' title='bbox 756 792 888 859; x_wconf 66' lang='lat' dir='ltr'>rescissem</span> <span class='ocrx_word' id='word_1_61' title='bbox 918 788 955 847; x_wconf 66' lang='lat' dir='ltr'>ed</span> 
     </span>
     <span class='ocr_line' id='line_1_9' title="bbox 81 873 955 956; baseline -0.013 -20"><span class='ocrx_word' id='word_1_62' title='bbox 81 878 142 947; x_wconf 85' lang='lat' dir='ltr'>die,-</span> <span class='ocrx_word' id='word_1_63' title='bbox 160 898 210 956; x_wconf 88' lang='lat' dir='ltr'>per</span> <span class='ocrx_word' id='word_1_64' title='bbox 229 877 336 936; x_wconf 87' lang='lat' dir='ltr'>viarum</span> <span class='ocrx_word' id='word_1_65' title='bbox 359 875 546 934; x_wconf 87' lang='lat' dir='ltr'>difficultatem</span> <span class='ocrx_word' id='word_1_66' title='bbox 568 881 594 933; x_wconf 69' lang='lat' dir='ltr'>dc</span> <span class='ocrx_word' id='word_1_67' title='bbox 616 894 689 952; x_wconf 88' lang='lat' dir='ltr'>angu</span> <span class='ocrx_word' id='word_1_68' title='bbox 710 873 758 940; x_wconf 83' lang='lat' dir='ltr'>ias,</span> <span class='ocrx_word' id='word_1_69' title='bbox 778 890 855 930; x_wconf 84' lang='lat' dir='ltr'>carra</span> <span class='ocrx_word' id='word_1_70' title='bbox 876 889 955 930; x_wconf 86' lang='lat' dir='ltr'>corn-</span> 
     </span>
     <span class='ocr_line' id='line_1_10' title="bbox 82 947 956 1092; baseline -0.01 -78"><span class='ocrx_word' id='word_1_71' title='bbox 82 953 337 1092; x_wconf 38' lang='lat' dir='ltr'>plura1muitt&#39;aigue</span> <span class='ocrx_word' id='word_1_72' title='bbox 360 953 466 1016; x_wconf 77' lang='lat' dir='ltr'>balistas</span> <span class='ocrx_word' id='word_1_73' title='bbox 486 953 608 1021; x_wconf 84' lang='lat' dir='ltr'>retraxit,</span> <span class='ocrx_word' id='word_1_74' title='bbox 637 959 663 1010; x_wconf 72' lang='lat' dir='ltr'>dr</span> <span class='ocrx_word' id='word_1_75' title='bbox 689 950 724 1008; x_wconf 85' lang='lat' dir='ltr'>ad</span> <span class='ocrx_word' id='word_1_76' title='bbox 747 948 907 1028; x_wconf 76' lang='lat' dir='ltr'>Cordubam</span> <span class='ocrx_word' id='word_1_77' title='bbox 926 947 956 1005; x_wconf 90' lang='lat' dir='ltr'>se</span> 
     </span>
     <span class='ocr_line' id='line_1_11' title="bbox 82 1031 955 1110; baseline -0.009 -20"><span class='ocrx_word' id='word_1_78' title='bbox 82 1034 197 1110; x_wconf 86' lang='lat' dir='ltr'>recepit.</span> <span class='ocrx_word' id='word_1_79' title='bbox 238 1034 287 1091; x_wconf 87' lang='lat' dir='ltr'>Cae</span> <span class='ocrx_word' id='word_1_80' title='bbox 300 1053 330 1090; x_wconf 88' lang='lat' dir='ltr'>ar</span> <span class='ocrx_word' id='word_1_81' title='bbox 353 1031 549 1090; x_wconf 84' lang='lat' dir='ltr'>munitionibus</span> <span class='ocrx_word' id='word_1_82' title='bbox 572 1034 712 1108; x_wconf 83' lang='lat' dir='ltr'>Ateguam</span> <span class='ocrx_word' id='word_1_83' title='bbox 728 1032 955 1106; x_wconf 63' lang='lat' dir='ltr'>oppugnare-tie</span> 
     </span>
     <span class='ocr_line' id='line_1_12' title="bbox 83 1105 958 1186; baseline -0.008 -18"><span class='ocrx_word' id='word_1_84' title='bbox 83 1109 211 1170; x_wconf 78' lang='lat' dir='ltr'>brachia·</span> <span class='ocrx_word' id='word_1_85' title='bbox 220 1109 422 1168; x_wconf 84' lang='lat' dir='ltr'>circumducere</span> <span class='ocrx_word' id='word_1_86' title='bbox 435 1109 528 1186; x_wconf 86' lang='lat' dir='ltr'>coepit.</span> <span class='ocrx_word' id='word_1_87' title='bbox 569 1108 653 1184; x_wconf 88' lang='lat' dir='ltr'>Cujus</span> <span class='ocrx_word' id='word_1_88' title='bbox 670 1107 710 1164; x_wconf 90' lang='lat' dir='ltr'>rei</span> <span class='ocrx_word' id='word_1_89' title='bbox 723 1105 857 1183; x_wconf 87' lang='lat' dir='ltr'>Pompeio</span> <span class='ocrx_word' id='word_1_90' title='bbox 869 1123 958 1183; x_wconf 89' lang='lat' dir='ltr'>quum</span> 
     </span>
     <span class='ocr_line' id='line_1_13' title="bbox 84 1182 957 1263; baseline -0.011 -15"><span class='ocrx_word' id='word_1_91' title='bbox 84 1189 200 1248; x_wconf 85' lang='lat' dir='ltr'>nuncius</span> <span class='ocrx_word' id='word_1_92' title='bbox 235 1189 299 1246; x_wconf 84' lang='lat' dir='ltr'>esset</span> <span class='ocrx_word' id='word_1_93' title='bbox 328 1187 435 1254; x_wconf 84' lang='lat' dir='ltr'>allatus,</span> <span class='ocrx_word' id='word_1_94' title='bbox 461 1207 495 1244; x_wconf 87' lang='lat' dir='ltr'>eo</span> <span class='ocrx_word' id='word_1_95' title='bbox 519 1185 565 1244; x_wconf 88' lang='lat' dir='ltr'>die</span> <span class='ocrx_word' id='word_1_96' title='bbox 590 1183 773 1263; x_wconf 86' lang='lat' dir='ltr'>proficiscitur.</span> <span class='ocrx_word' id='word_1_97' title='bbox 815 1184 901 1261; x_wconf 85' lang='lat' dir='ltr'>Cujus</span> <span class='ocrx_word' id='word_1_98' title='bbox 925 1182 957 1239; x_wconf 87' lang='lat' dir='ltr'>in</span> 
     </span>
     <span class='ocr_line' id='line_1_14' title="bbox 84 1261 958 1342; baseline -0.01 -16"><span class='ocrx_word' id='word_1_99' title='bbox 84 1264 245 1333; x_wconf 80' lang='lat' dir='ltr'>adrentum,</span> <span class='ocrx_word' id='word_1_100' title='bbox 264 1265 380 1342; x_wconf 82' lang='lat' dir='ltr'>praehdii</span> <span class='ocrx_word' id='word_1_101' title='bbox 400 1263 491 1331; x_wconf 65' lang='lat' dir='ltr'>causei,</span> <span class='ocrx_word' id='word_1_102' title='bbox 512 1263 602 1322; x_wconf 84' lang='lat' dir='ltr'>Caesnr</span> <span class='ocrx_word' id='word_1_103' title='bbox 618 1261 761 1339; x_wconf 86' lang='lat' dir='ltr'>complura</span> <span class='ocrx_word' id='word_1_104' title='bbox 778 1261 887 1321; x_wconf 82' lang='lat' dir='ltr'>castella</span> <span class='ocrx_word' id='word_1_105' title='bbox 908 1277 958 1321; x_wconf 84' lang='lat' dir='ltr'>ot·</span> 
     </span>
     <span class='ocr_line' id='line_1_15' title="bbox 85 1339 960 1421; baseline -0.008 -18"><span class='ocrx_word' id='word_1_106' title='bbox 85 1343 207 1420; x_wconf 79' lang='lat' dir='ltr'>cupavit,</span> <span class='ocrx_word' id='word_1_107' title='bbox 227 1342 329 1421; x_wconf 83' lang='lat' dir='ltr'>partim</span> <span class='ocrx_word' id='word_1_108' title='bbox 349 1342 425 1401; x_wconf 91' lang='lat' dir='ltr'>suoe</span> <span class='ocrx_word' id='word_1_109' title='bbox 445 1342 543 1409; x_wconf 85' lang='lat' dir='ltr'>uitatu,</span> <span class='ocrx_word' id='word_1_110' title='bbox 562 1341 663 1418; x_wconf 86' lang='lat' dir='ltr'>partim</span> <span class='ocrx_word' id='word_1_111' title='bbox 685 1353 715 1397; x_wconf 91' lang='lat' dir='ltr'>ut</span> <span class='ocrx_word' id='word_1_112' title='bbox 727 1339 854 1417; x_wconf 87' lang='lat' dir='ltr'>pedestris</span> <span class='ocrx_word' id='word_1_113' title='bbox 868 1339 960 1418; x_wconf 71' lang='lat' dir='ltr'>copia</span> 
     </span>
     <span class='ocr_line' id='line_1_16' title="bbox 86 1363 956 1496; baseline -0.001 -17"><span class='ocrx_word' id='word_1_114' title='bbox 86 1422 116 1480; x_wconf 92' lang='lat' dir='ltr'>in</span> <span class='ocrx_word' id='word_1_115' title='bbox 129 1421 241 1478; x_wconf 88' lang='lat' dir='ltr'>statione</span> <span class='ocrx_word' id='word_1_116' title='bbox 263 1426 288 1478; x_wconf 70' lang='lat' dir='ltr'>dc</span> <span class='ocrx_word' id='word_1_117' title='bbox 311 1420 339 1478; x_wconf 92' lang='lat' dir='ltr'>in</span> <span class='ocrx_word' id='word_1_118' title='bbox 362 1363 490 1478; x_wconf 75' lang='lat' dir='ltr'>excubitu</span> <span class='ocrx_word' id='word_1_119' title='bbox 511 1419 601 1478; x_wconf 82' lang='lat' dir='ltr'>castris</span> <span class='ocrx_word' id='word_1_120' title='bbox 620 1417 745 1496; x_wconf 69' lang='lat' dir='ltr'>presidio</span> <span class='ocrx_word' id='word_1_121' title='bbox 768 1417 819 1476; x_wconf 80' lang='lat' dir='ltr'>esse</span> <span class='ocrx_word' id='word_1_122' title='bbox 840 1419 956 1496; x_wconf 72' lang='lat' dir='ltr'>possent.</span> 
     </span>
     <span class='ocr_line' id='line_1_17' title="bbox 85 1495 958 1576; baseline -0.002 -18"><span class='ocrx_word' id='word_1_123' title='bbox 85 1497 148 1558; x_wconf 84' lang='lat' dir='ltr'>Hic</span> <span class='ocrx_word' id='word_1_124' title='bbox 170 1499 199 1556; x_wconf 88' lang='lat' dir='ltr'>iu</span> <span class='ocrx_word' id='word_1_125' title='bbox 223 1498 342 1560; x_wconf 84' lang='lat' dir='ltr'>adventu</span> <span class='ocrx_word' id='word_1_126' title='bbox 354 1498 480 1576; x_wconf 89' lang='lat' dir='ltr'>Pompeii</span> <span class='ocrx_word' id='word_1_127' title='bbox 502 1496 607 1564; x_wconf 82' lang='lat' dir='ltr'>incidit,</span> <span class='ocrx_word' id='word_1_128' title='bbox 627 1510 657 1554; x_wconf 93' lang='lat' dir='ltr'>ut</span> <span class='ocrx_word' id='word_1_129' title='bbox 676 1495 813 1567; x_wconf 84' lang='lat' dir='ltr'>matutino</span> <span class='ocrx_word' id='word_1_130' title='bbox 831 1509 958 1576; x_wconf 83' lang='lat' dir='ltr'>tempore</span> 
     </span>
     <span class='ocr_line' id='line_1_18' title="bbox 87 1572 992 1652; baseline -0.01 -15"><span class='ocrx_word' id='word_1_131' title='bbox 87 1575 189 1636; x_wconf 81' lang='lat' dir='ltr'>nebula</span> <span class='ocrx_word' id='word_1_132' title='bbox 202 1577 265 1634; x_wconf 80' lang='lat' dir='ltr'>esset</span> <span class='ocrx_word' id='word_1_133' title='bbox 277 1575 444 1637; x_wconf 77' lang='lat' dir='ltr'>crassissima:</span> <span class='ocrx_word' id='word_1_134' title='bbox 464 1575 558 1652; x_wconf 90' lang='lat' dir='ltr'>itaque</span> <span class='ocrx_word' id='word_1_135' title='bbox 570 1575 599 1632; x_wconf 92' lang='lat' dir='ltr'>in</span> <span class='ocrx_word' id='word_1_136' title='bbox 612 1572 660 1632; x_wconf 71' lang='lat' dir='ltr'>illo</span> <span class='ocrx_word' id='word_1_137' title='bbox 673 1572 873 1645; x_wconf 87' lang='lat' dir='ltr'>obscuratione,</span> <span class='ocrx_word' id='word_1_138' title='bbox 891 1595 957 1634; x_wconf 88' lang='lat' dir='ltr'>cum</span> <span class='ocrx_word' id='word_1_139' title='bbox 991 1623 992 1628; x_wconf 73' lang='grc'>,</span> 
     </span>
     <span class='ocr_line' id='line_1_19' title="bbox 88 1652 959 1732; baseline -0.005 -16"><span class='ocrx_word' id='word_1_140' title='bbox 88 1656 194 1732; x_wconf 79' lang='lat' dir='ltr'>aliquot</span> <span class='ocrx_word' id='word_1_141' title='bbox 205 1653 362 1716; x_wconf 73' lang='lat' dir='ltr'>cohortibus</span> <span class='ocrx_word' id='word_1_142' title='bbox 376 1659 401 1712; x_wconf 71' lang='grc' dir='ltr'>ὄσ</span> <span class='ocrx_word' id='word_1_143' title='bbox 413 1654 538 1730; x_wconf 91' lang='lat' dir='ltr'>equitum</span> <span class='ocrx_word' id='word_1_144' title='bbox 550 1653 644 1711; x_wconf 77' lang='lat' dir='ltr'>turnr&#39;is</span> <span class='ocrx_word' id='word_1_145' title='bbox 665 1652 882 1712; x_wconf 87' lang='lat' dir='ltr'>circumcludunt</span> <span class='ocrx_word' id='word_1_146' title='bbox 895 1656 959 1712; x_wconf 81' lang='lat' dir='ltr'>Cae-</span> 
     </span>
     <span class='ocr_line' id='line_1_20' title="bbox 88 1729 1044 1811; baseline 0 -19"><span class='ocrx_word' id='word_1_147' title='bbox 88 1733 150 1792; x_wconf 80' lang='lat' dir='ltr'>saris</span> <span class='ocrx_word' id='word_1_148' title='bbox 163 1732 277 1811; x_wconf 88' lang='lat' dir='ltr'>equites,</span> <span class='ocrx_word' id='word_1_149' title='bbox 299 1737 324 1790; x_wconf 77' lang='grc' dir='ltr'>δι</span> <span class='ocrx_word' id='word_1_150' title='bbox 340 1731 498 1799; x_wconf 90' lang='lat' dir='ltr'>concidunt,</span> <span class='ocrx_word' id='word_1_151' title='bbox 520 1731 564 1800; x_wconf 79' lang='lat' dir='ltr'>sic,</span> <span class='ocrx_word' id='word_1_152' title='bbox 585 1746 615 1792; x_wconf 90' lang='lat' dir='ltr'>ut</span> <span class='ocrx_word' id='word_1_153' title='bbox 627 1731 674 1789; x_wconf 85' lang='lat' dir='ltr'>vix</span> <span class='ocrx_word' id='word_1_154' title='bbox 686 1731 715 1790; x_wconf 93' lang='lat' dir='ltr'>in</span> <span class='ocrx_word' id='word_1_155' title='bbox 733 1729 768 1789; x_wconf 69' lang='lat' dir='ltr'>ei</span> <span class='ocrx_word' id='word_1_156' title='bbox 788 1729 862 1804; x_wconf 74' lang='lat' dir='ltr'>caede</span> <span class='ocrx_word' id='word_1_157' title='bbox 874 1733 970 1810; x_wconf 51' lang='lat' dir='ltr'>pauci¹</span> <span class='ocrx_word' id='word_1_158' title='bbox 1042 1749 1044 1754; x_wconf 85' lang='lat'>·</span> 
     </span>
     <span class='ocr_line' id='line_1_21' title="bbox 11 1811 958 1888; baseline -0.01 -17"><span class='ocrx_word' id='word_1_159' title='bbox 11 1839 12 1844; x_wconf 43' lang='lat'>¹</span> <span class='ocrx_word' id='word_1_160' title='bbox 87 1811 247 1888; x_wconf 84' lang='lat' dir='ltr'>effugerent.</span> <span class='ocrx_word' id='word_1_161' title='bbox 662 1851 665 1856; x_wconf 88' lang='lat'><em>.</em></span> <span class='ocrx_word' id='word_1_162' title='bbox 840 1849 847 1866; x_wconf 81' lang='grc'>.,</span> <span class='ocrx_word' id='word_1_163' title='bbox 904 1819 907 1824; x_wconf 92' lang='grc'><strong><em>·</em></strong></span> <span class='ocrx_word' id='word_1_164' title='bbox 955 1845 958 1848; x_wconf 95' lang='grc'>-</span> 
     </span>
     <span class='ocr_line' id='line_1_22' title="bbox 87 1885 958 1970; baseline 0.005 -24"><span class='ocrx_word' id='word_1_165' title='bbox 87 1915 95 1948; x_wconf 84' lang='grc'>·.</span> <span class='ocrx_word' id='word_1_166' title='bbox 125 1889 194 1948; x_wconf 78' lang='lat' dir='ltr'>vu.</span> <span class='ocrx_word' id='word_1_167' title='bbox 214 1887 377 1964; x_wconf 85' lang='lat' dir='ltr'>Insequenti¹</span> <span class='ocrx_word' id='word_1_168' title='bbox 392 1888 473 1946; x_wconf 76' lang='lat' dir='ltr'>noste</span> <span class='ocrx_word' id='word_1_169' title='bbox 485 1887 569 1954; x_wconf 79' lang='lat' dir='ltr'>castra</span> <span class='ocrx_word' id='word_1_170' title='bbox 591 1885 638 1946; x_wconf 89' lang='lat' dir='ltr'>sua</span> <span class='ocrx_word' id='word_1_171' title='bbox 657 1888 779 1948; x_wconf 82' lang='lat' dir='ltr'>incendit</span> <span class='ocrx_word' id='word_1_172' title='bbox 800 1889 958 1970; x_wconf 86' lang='lat' dir='ltr'>Pompeius,</span> 
     </span>
    </p>
   </div>
   <div class='ocr_carea' id='block_1_5' title="bbox 87 1962 959 2096">
    <p class='ocr_par' dir='ltr' id='par_1_6' title="bbox 87 1962 959 2096">
     <span class='ocr_line' id='line_1_23' title="bbox 87 1962 959 2096; baseline 0.007 -73"><span class='ocrx_word' id='word_1_173' title='bbox 87 1972 114 2024; x_wconf 75' lang='grc' dir='ltr'>δι</span> <span class='ocrx_word' id='word_1_174' title='bbox 134 1977 207 2021; x_wconf 88' lang='lat' dir='ltr'>trans</span> <span class='ocrx_word' id='word_1_175' title='bbox 227 1964 329 2020; x_wconf 84' lang='lat' dir='ltr'>flumen</span> <span class='ocrx_word' id='word_1_176' title='bbox 349 1964 453 2019; x_wconf 83' lang='lat' dir='ltr'>Salsum</span> <span class='ocrx_word' id='word_1_177' title='bbox 474 1980 525 2096; x_wconf 58' lang='lat' dir='ltr'>ger</span> <span class='ocrx_word' id='word_1_178' title='bbox 546 1962 684 2024; x_wconf 82' lang='lat' dir='ltr'>convalles</span> <span class='ocrx_word' id='word_1_179' title='bbox 707 1968 792 2026; x_wconf 83' lang='lat' dir='ltr'>castra</span> <span class='ocrx_word' id='word_1_180' title='bbox 811 1969 883 2029; x_wconf 88' lang='lat' dir='ltr'>inter</span> <span class='ocrx_word' id='word_1_181' title='bbox 900 1970 959 2041; x_wconf 85' lang='lat' dir='ltr'>duo¹</span> 
     </span>
    </p>
   </div>
   <div class='ocr_carea' id='block_1_6' title="bbox 11 2039 960 2510">
    <p class='ocr_par' dir='ltr' id='par_1_7' title="bbox 11 2039 960 2510">
     <span class='ocr_line' id='line_1_24' title="bbox 88 2039 959 2120; baseline 0.002 -21"><span class='ocrx_word' id='word_1_182' title='bbox 88 2040 343 2120; x_wconf 75' lang='lat' dir='ltr'>oppidaAteguam</span> <span class='ocrx_word' id='word_1_183' title='bbox 365 2045 390 2096; x_wconf 71' lang='lat' dir='ltr'>oc</span> <span class='ocrx_word' id='word_1_184' title='bbox 409 2039 473 2095; x_wconf 89' lang='lat' dir='ltr'>Ucu</span> <span class='ocrx_word' id='word_1_185' title='bbox 494 2040 533 2097; x_wconf 91' lang='lat' dir='ltr'>im</span> <span class='ocrx_word' id='word_1_186' title='bbox 553 2041 584 2097; x_wconf 88' lang='lat' dir='ltr'>in</span> <span class='ocrx_word' id='word_1_187' title='bbox 597 2057 692 2100; x_wconf 86' lang='lat' dir='ltr'>monte</span> <span class='ocrx_word' id='word_1_188' title='bbox 709 2045 852 2104; x_wconf 85' lang='lat' dir='ltr'>constituit.</span> <span class='ocrx_word' id='word_1_189' title='bbox 870 2049 959 2116; x_wconf 24' lang='lat' dir='ltr'>..Cae-</span> 
     </span>
     <span class='ocr_line' id='line_1_25' title="bbox 88 2113 960 2202; baseline 0 -23"><span class='ocrx_word' id='word_1_190' title='bbox 88 2121 131 2179; x_wconf 84' lang='lat' dir='ltr'>sar</span> <span class='ocrx_word' id='word_1_191' title='bbox 151 2119 181 2177; x_wconf 89' lang='lat' dir='ltr'>in</span> <span class='ocrx_word' id='word_1_192' title='bbox 203 2113 408 2184; x_wconf 88' lang='lat' dir='ltr'>munitionibus,</span> <span class='ocrx_word' id='word_1_193' title='bbox 438 2114 596 2192; x_wconf 84' lang='lat' dir='ltr'>caet&#39;erisque</span> <span class='ocrx_word' id='word_1_194' title='bbox 616 2137 678 2194; x_wconf 80' lang='lat' dir='ltr'>quae</span> <span class='ocrx_word' id='word_1_195' title='bbox 697 2119 733 2176; x_wconf 91' lang='lat' dir='ltr'>ad</span> <span class='ocrx_word' id='word_1_196' title='bbox 753 2121 887 2196; x_wconf 90' lang='lat' dir='ltr'>oppidum</span> <span class='ocrx_word' id='word_1_197' title='bbox 908 2143 960 2202; x_wconf 79' lang='lat' dir='ltr'>op·</span> 
     </span>
     <span class='ocr_line' id='line_1_26' title="bbox 90 2191 960 2277; baseline 0.003 -21"><span class='ocrx_word' id='word_1_198' title='bbox 90 2195 267 2277; x_wconf 76' lang='lat' dir='ltr'>pugnandum</span> <span class='ocrx_word' id='word_1_199' title='bbox 280 2211 348 2272; x_wconf 89' lang='lat' dir='ltr'>opus</span> <span class='ocrx_word' id='word_1_200' title='bbox 367 2191 486 2260; x_wconf 88' lang='lat' dir='ltr'>suerunt,</span> <span class='ocrx_word' id='word_1_201' title='bbox 496 2211 636 2270; x_wconf 60' lang='lat' dir='ltr'>,aggerem</span> <span class='ocrx_word' id='word_1_202' title='bbox 653 2193 799 2272; x_wconf 71' lang='lat' dir='ltr'>vineisque</span> <span class='ocrx_word' id='word_1_203' title='bbox 812 2217 894 2274; x_wconf 87' lang='lat' dir='ltr'>agere</span> <span class='ocrx_word' id='word_1_204' title='bbox 916 2201 960 2259; x_wconf 90' lang='lat' dir='ltr'>iu·</span> 
     </span>
     <span class='ocr_line' id='line_1_27' title="bbox 90 2268 958 2338; baseline 0.001 -3"><span class='ocrx_word' id='word_1_205' title='bbox 90 2275 180 2335; x_wconf 82' lang='lat' dir='ltr'>stituit.</span> <span class='ocrx_word' id='word_1_206' title='bbox 221 2274 291 2332; x_wconf 84' lang='lat' dir='ltr'>Haec</span> <span class='ocrx_word' id='word_1_207' title='bbox 312 2272 373 2329; x_wconf 88' lang='lat' dir='ltr'>ioca</span> <span class='ocrx_word' id='word_1_208' title='bbox 397 2268 456 2326; x_wconf 90' lang='lat' dir='ltr'>sunt</span> <span class='ocrx_word' id='word_1_209' title='bbox 478 2269 630 2338; x_wconf 80' lang='lat' dir='ltr'>montuosa,</span> <span class='ocrx_word' id='word_1_210' title='bbox 653 2277 679 2330; x_wconf 75' lang='grc' dir='ltr'>δι</span> <span class='ocrx_word' id='word_1_211' title='bbox 698 2273 795 2330; x_wconf 76' lang='lat' dir='ltr'>naturai</span> <span class='ocrx_word' id='word_1_212' title='bbox 824 2275 899 2334; x_wconf 85' lang='lat' dir='ltr'>edita</span> <span class='ocrx_word' id='word_1_213' title='bbox 915 2279 958 2336; x_wconf 82' lang='lat' dir='ltr'>ad</span> 
     </span>
     <span class='ocr_line' id='line_1_28' title="bbox 11 2345 959 2425; baseline -0.001 -11"><span class='ocrx_word' id='word_1_214' title='bbox 11 2355 13 2360; x_wconf 51' lang='lat'>‘</span> <span class='ocrx_word' id='word_1_215' title='bbox 90 2373 148 2414; x_wconf 84' lang='lat' dir='ltr'>rem</span> <span class='ocrx_word' id='word_1_216' title='bbox 171 2350 332 2414; x_wconf 68' lang='lat' dir='ltr'>militaremr</span> <span class='ocrx_word' id='word_1_217' title='bbox 353 2368 414 2425; x_wconf 80' lang='lat' dir='ltr'>quae</span> <span class='ocrx_word' id='word_1_218' title='bbox 427 2345 540 2424; x_wconf 86' lang='lat' dir='ltr'>planitie</span> <span class='ocrx_word' id='word_1_219' title='bbox 551 2346 718 2419; x_wconf 89' lang='lat' dir='ltr'>dividuntur,</span> <span class='ocrx_word' id='word_1_220' title='bbox 741 2349 959 2424; x_wconf 71' lang='lat' dir='ltr'>snsoflumine,</span> 
     </span>
     <span class='ocr_line' id='line_1_29' title="bbox 93 2426 957 2510; baseline 0.002 -18"><span class='ocrx_word' id='word_1_221' title='bbox 93 2431 216 2510; x_wconf 74' lang='lat' dir='ltr'>proxime·</span> <span class='ocrx_word' id='word_1_222' title='bbox 242 2443 335 2486; x_wconf 80' lang='lat' dir='ltr'>tamen</span> <span class='ocrx_word' id='word_1_223' title='bbox 361 2427 511 2502; x_wconf 81' lang='lat' dir='ltr'>Ateguam,</span> <span class='ocrx_word' id='word_1_224' title='bbox 540 2440 571 2482; x_wconf 91' lang='lat' dir='ltr'>ut</span> <span class='ocrx_word' id='word_1_225' title='bbox 595 2426 631 2484; x_wconf 82' lang='lat' dir='ltr'>ad</span> <span class='ocrx_word' id='word_1_226' title='bbox 652 2427 755 2487; x_wconf 86' lang='lat' dir='ltr'>flumen</span> <span class='ocrx_word' id='word_1_227' title='bbox 777 2427 837 2501; x_wconf 51' lang='lat' dir='ltr'>sint,</span> <span class='ocrx_word' id='word_1_228' title='bbox 849 2432 957 2494; x_wconf 85' lang='lat' dir='ltr'>circiter</span> 
     </span>
    </p>
   </div>
   <div class='ocr_carea' id='block_1_7' title="bbox 89 2503 1012 2587">
    <p class='ocr_par' dir='ltr' id='par_1_8' title="bbox 89 2469 1102 2587">
     <span class='ocr_line' id='line_1_30' title="bbox 89 2503 1012 2587; baseline -0.015 -18"><span class='ocrx_word' id='word_1_229' title='bbox 89 2510 211 2587; x_wconf 75' lang='lat' dir='ltr'>passuum</span> <span class='ocrx_word' id='word_1_230' title='bbox 232 2507 289 2564; x_wconf 92' lang='lat' dir='ltr'>duo</span> <span class='ocrx_word' id='word_1_231' title='bbox 310 2504 405 2566; x_wconf 76' lang='lat' dir='ltr'>miliia.</span> <span class='ocrx_word' id='word_1_232' title='bbox 447 2503 490 2562; x_wconf 81' lang='lat' dir='ltr'>Ex</span> <span class='ocrx_word' id='word_1_233' title='bbox 509 2503 543 2562; x_wconf 73' lang='lat' dir='ltr'>ei</span> <span class='ocrx_word' id='word_1_234' title='bbox 561 2505 674 2582; x_wconf 84' lang='lat' dir='ltr'>regione</span> <span class='ocrx_word' id='word_1_235' title='bbox 692 2505 797 2586; x_wconf 80' lang='lat' dir='ltr'>oppidi,</span> <span class='ocrx_word' id='word_1_236' title='bbox 826 2508 855 2568; x_wconf 83' lang='lat' dir='ltr'>in</span> <span class='ocrx_word' id='word_1_237' title='bbox 876 2531 957 2572; x_wconf 70' lang='lat' dir='ltr'>mon,</span> <span class='ocrx_word' id='word_1_238' title='bbox 1010 2538 1012 2547; x_wconf 38' lang='grc' dir='ltr'>ι</span> 
     </span>
    </p>
   </div>
   <div class='ocr_carea' id='block_1_8' title="bbox 11 2581 1102 3291">
    <p class='ocr_par' dir='ltr' id='par_1_9' title="bbox 11 2581 1102 2872">
     <span class='ocr_line' id='line_1_31' title="bbox 92 2581 960 2660; baseline 0.007 -16"><span class='ocrx_word' id='word_1_239' title='bbox 92 2588 162 2645; x_wconf 89' lang='lat' dir='ltr'>tibus</span> <span class='ocrx_word' id='word_1_240' title='bbox 182 2585 267 2642; x_wconf 87' lang='lat' dir='ltr'>castra</span> <span class='ocrx_word' id='word_1_241' title='bbox 290 2582 386 2640; x_wconf 88' lang='lat' dir='ltr'>habuit</span> <span class='ocrx_word' id='word_1_242' title='bbox 399 2583 484 2660; x_wconf 80' lang='lat' dir='ltr'>posita</span> <span class='ocrx_word' id='word_1_243' title='bbox 496 2581 651 2660; x_wconf 85' lang='lat' dir='ltr'>Pompeius,</span> <span class='ocrx_word' id='word_1_244' title='bbox 671 2585 699 2644; x_wconf 89' lang='lat' dir='ltr'>in</span> <span class='ocrx_word' id='word_1_245' title='bbox 720 2585 788 2646; x_wconf 87' lang='lat' dir='ltr'>cons</span> <span class='ocrx_word' id='word_1_246' title='bbox 803 2589 872 2656; x_wconf 71' lang='lat' dir='ltr'>ectu</span> <span class='ocrx_word' id='word_1_247' title='bbox 884 2605 960 2650; x_wconf 91' lang='lat' dir='ltr'>utro·</span> 
     </span>
     <span class='ocr_line' id='line_1_32' title="bbox 11 2607 977 2742; baseline 0.008 -22"><span class='ocrx_word' id='word_1_248' title='bbox 11 2675 13 2684; x_wconf 81' lang='grc'>’</span> <span class='ocrx_word' id='word_1_249' title='bbox 90 2683 205 2742; x_wconf 88' lang='lat' dir='ltr'>mmque</span> <span class='ocrx_word' id='word_1_250' title='bbox 228 2660 412 2738; x_wconf 64' lang='lat' dir='ltr'>oppidorum</span> <span class='ocrx_word' id='word_1_251' title='bbox 441 2679 530 2736; x_wconf 73' lang='lat' dir='ltr'>neque</span> <span class='ocrx_word' id='word_1_252' title='bbox 550 2659 699 2728; x_wconf 78' lang='lat' dir='ltr'>suisausue</span> <span class='ocrx_word' id='word_1_253' title='bbox 721 2667 759 2724; x_wconf 88' lang='lat' dir='ltr'>est</span> <span class='ocrx_word' id='word_1_254' title='bbox 778 2607 894 2726; x_wconf 71' lang='lat' dir='ltr'>iirbsrdio</span> <span class='ocrx_word' id='word_1_255' title='bbox 916 2689 977 2728; x_wconf 52' lang='lat' dir='ltr'>ver</span> 
     </span>
     <span class='ocr_line' id='line_1_33' title="bbox 90 2738 1102 2872; baseline 0.005 -73"><span class='ocrx_word' id='word_1_256' title='bbox 90 2741 149 2818; x_wconf 66' lang='lat' dir='ltr'>”iss</span> <span class='ocrx_word' id='word_1_257' title='bbox 200 2738 315 2816; x_wconf 70' lang='lat' dir='ltr'>Aquilae</span> <span class='ocrx_word' id='word_1_258' title='bbox 337 2738 433 2796; x_wconf 83' lang='lat' dir='ltr'>habuit</span> <span class='ocrx_word' id='word_1_259' title='bbox 456 2739 568 2872; x_wconf 72' lang='lat' dir='ltr'>&amp;signa</span> <span class='ocrx_word' id='word_1_260' title='bbox 589 2761 652 2800; x_wconf 84' lang='lat' dir='ltr'>xrrr</span> <span class='ocrx_word' id='word_1_261' title='bbox 670 2743 828 2822; x_wconf 82' lang='lat' dir='ltr'>legionum:</span> <span class='ocrx_word' id='word_1_262' title='bbox 850 2743 904 2814; x_wconf 89' lang='lat' dir='ltr'>sed,</span> <span class='ocrx_word' id='word_1_263' title='bbox 925 2760 964 2806; x_wconf 76' lang='lat' dir='ltr'>ert</span> <span class='ocrx_word' id='word_1_264' title='bbox 1101 2797 1102 2804; x_wconf 74' lang='grc'>,</span> 
     </span>
    </p>

    <p class='ocr_par' dir='ltr' id='par_1_10' title="bbox 92 2815 1102 3291">
     <span class='ocr_line' id='line_1_34' title="bbox 114 2815 1102 2894; baseline 0.008 -17"><span class='ocrx_word' id='word_1_265' title='bbox 114 2815 317 2894; x_wconf 78' lang='lat' dir='ltr'>urbus&#39;aliquid</span> <span class='ocrx_word' id='word_1_266' title='bbox 335 2815 499 2876; x_wconf 86' lang='lat' dir='ltr'>firmamenti</span> <span class='ocrx_word' id='word_1_267' title='bbox 527 2820 734 2883; x_wconf 80' lang='lat' dir='ltr'>eexistimabat</span> <span class='ocrx_word' id='word_1_268' title='bbox 758 2821 870 2891; x_wconf 87' lang='lat' dir='ltr'>habere,</span> <span class='ocrx_word' id='word_1_269' title='bbox 900 2824 963 2884; x_wconf 82' lang='lat' dir='ltr'>duae</span> <span class='ocrx_word' id='word_1_270' title='bbox 1010 2836 1012 2845; x_wconf 69' lang='lat'><strong>¹</strong></span> <span class='ocrx_word' id='word_1_271' title='bbox 1101 2827 1102 2856; x_wconf 75' lang='lat'>³</span> 
     </span>
     <span class='ocr_line' id='line_1_35' title="bbox 92 2841 963 2978; baseline 0.008 -22"><span class='ocrx_word' id='word_1_272' title='bbox 92 2841 202 2956; x_wconf 69' lang='lat' dir='ltr'>suerunt</span> <span class='ocrx_word' id='word_1_273' title='bbox 223 2893 385 2961; x_wconf 70' lang='lat' dir='ltr'>uernacula,</span> <span class='ocrx_word' id='word_1_274' title='bbox 415 2892 515 2972; x_wconf 64' lang='lat' dir='ltr'>qued</span> <span class='ocrx_word' id='word_1_275' title='bbox 536 2894 680 2957; x_wconf 88' lang='lat' dir='ltr'>Trebonio</span> <span class='ocrx_word' id='word_1_276' title='bbox 701 2897 916 2978; x_wconf 74' lang='lat' dir='ltr'>transfugerant3</span> <span class='ocrx_word' id='word_1_277' title='bbox 936 2909 963 2963; x_wconf 76' lang='grc' dir='ltr'>δι</span> 
     </span>
     <span class='ocr_line' id='line_1_36' title="bbox 95 2971 964 3056; baseline 0.01 -24"><span class='ocrx_word' id='word_1_278' title='bbox 95 2993 149 3044; x_wconf 82' lang='lat' dir='ltr'>una</span> <span class='ocrx_word' id='word_1_279' title='bbox 170 2972 244 3034; x_wconf 74' lang='lat' dir='ltr'>facta</span> <span class='ocrx_word' id='word_1_280' title='bbox 265 2991 301 3031; x_wconf 86' lang='lat' dir='ltr'>ex</span> <span class='ocrx_word' id='word_1_281' title='bbox 322 2971 446 3040; x_wconf 85' lang='lat' dir='ltr'>coloniis,</span> <span class='ocrx_word' id='word_1_282' title='bbox 467 2991 528 3050; x_wconf 87' lang='lat' dir='ltr'>quae</span> <span class='ocrx_word' id='word_1_283' title='bbox 549 2972 660 3038; x_wconf 88' lang='lat' dir='ltr'>suerunt</span> <span class='ocrx_word' id='word_1_284' title='bbox 681 2977 711 3036; x_wconf 88' lang='lat' dir='ltr'>in</span> <span class='ocrx_word' id='word_1_285' title='bbox 732 2977 964 3056; x_wconf 81' lang='lat' dir='ltr'>hisregionibus:</span> 
     </span>
     <span class='ocr_line' id='line_1_37' title="bbox 95 3047 962 3134; baseline 0.008 -23"><span class='ocrx_word' id='word_1_286' title='bbox 95 3064 192 3131; x_wconf 82' lang='lat' dir='ltr'>quarta</span> <span class='ocrx_word' id='word_1_287' title='bbox 213 3049 265 3110; x_wconf 90' lang='lat' dir='ltr'>suit</span> <span class='ocrx_word' id='word_1_288' title='bbox 283 3047 445 3117; x_wconf 78' lang='lat' dir='ltr'>Afraniana,</span> <span class='ocrx_word' id='word_1_289' title='bbox 471 3070 508 3112; x_wconf 80' lang='lat' dir='ltr'>ert</span> <span class='ocrx_word' id='word_1_290' title='bbox 528 3051 634 3122; x_wconf 73' lang='lat' dir='ltr'>Africi,</span> <span class='ocrx_word' id='word_1_291' title='bbox 656 3060 740 3134; x_wconf 82' lang='lat' dir='ltr'>quam</span> <span class='ocrx_word' id='word_1_292' title='bbox 758 3053 851 3116; x_wconf 88' lang='lat' dir='ltr'>secum</span> <span class='ocrx_word' id='word_1_293' title='bbox 876 3059 962 3118; x_wconf 87' lang='lat' dir='ltr'>addu-</span> 
     </span>
     <span class='ocr_line' id='line_1_38' title="bbox 95 3125 963 3206; baseline 0.005 -14"><span class='ocrx_word' id='word_1_294' title='bbox 95 3143 190 3196; x_wconf 63' lang='lat' dir='ltr'>xeram</span> <span class='ocrx_word' id='word_1_295' title='bbox 209 3129 322 3206; x_wconf 76' lang='lat' dir='ltr'>reliquae</span> <span class='ocrx_word' id='word_1_296' title='bbox 343 3148 378 3186; x_wconf 85' lang='lat' dir='ltr'>ex</span> <span class='ocrx_word' id='word_1_297' title='bbox 390 3125 512 3205; x_wconf 51' lang='lat' dir='ltr'>suffitia</span> <span class='ocrx_word' id='word_1_298' title='bbox 525 3130 669 3192; x_wconf 79' lang='lat' dir='ltr'>auxiliares</span> <span class='ocrx_word' id='word_1_299' title='bbox 681 3133 876 3198; x_wconf 76' lang='lat' dir='ltr'>consistebant:</span> <span class='ocrx_word' id='word_1_300' title='bbox 896 3158 963 3196; x_wconf 84' lang='lat' dir='ltr'>nam</span> 
     </span>
     <span class='ocr_line' id='line_1_39' title="bbox 96 3203 964 3291; baseline 0.012 -27"><span class='ocrx_word' id='word_1_301' title='bbox 96 3207 130 3265; x_wconf 87' lang='lat' dir='ltr'>de</span> <span class='ocrx_word' id='word_1_302' title='bbox 149 3208 204 3266; x_wconf 86' lang='lat' dir='ltr'>levi</span> <span class='ocrx_word' id='word_1_303' title='bbox 226 3203 412 3266; x_wconf 69' lang='lat' dir='ltr'>armaturis&amp;</span> <span class='ocrx_word' id='word_1_304' title='bbox 442 3206 575 3283; x_wconf 90' lang='lat' dir='ltr'>equitatu,</span> <span class='ocrx_word' id='word_1_305' title='bbox 596 3209 679 3291; x_wconf 61' lang='lat' dir='ltr'>longi</span> <span class='ocrx_word' id='word_1_306' title='bbox 701 3218 726 3274; x_wconf 73' lang='lat' dir='ltr'>sc</span> <span class='ocrx_word' id='word_1_307' title='bbox 747 3212 846 3278; x_wconf 72' lang='lat' dir='ltr'>virtute</span> <span class='ocrx_word' id='word_1_308' title='bbox 865 3221 891 3274; x_wconf 75' lang='lat' dir='ltr'>u</span> <span class='ocrx_word' id='word_1_309' title='bbox 912 3236 964 3274; x_wconf 91' lang='lat' dir='ltr'>nu·</span> 
     </span>
    </p>
   </div>
   <div class='ocr_carea' id='block_1_9' title="bbox 96 3281 608 3363">
    <p class='ocr_par' dir='ltr' id='par_1_11' title="bbox 96 3281 608 3363">
     <span class='ocr_line' id='line_1_40' title="bbox 96 3281 608 3363; baseline -0.008 -17"><span class='ocrx_word' id='word_1_310' title='bbox 96 3303 173 3346; x_wconf 73' lang='lat' dir='ltr'>nero</span> <span class='ocrx_word' id='word_1_311' title='bbox 185 3285 267 3350; x_wconf 80' lang='lat' dir='ltr'>nostri</span> <span class='ocrx_word' id='word_1_312' title='bbox 279 3297 357 3346; x_wconf 80' lang='lat' dir='ltr'>erant</span> <span class='ocrx_word' id='word_1_313' title='bbox 369 3281 527 3363; x_wconf 75' lang='lat' dir='ltr'>superiores.</span> <span class='ocrx_word' id='word_1_314' title='bbox 605 3305 608 3313; x_wconf 90' lang='lat'>·</span> 
     </span>
    </p>
   </div>
   <div class='ocr_carea' id='block_1_10' title="bbox 498 3423 964 3542">
    <p class='ocr_par' dir='ltr' id='par_1_12' title="bbox 498 3423 964 3542">
     <span class='ocr_line' id='line_1_41' title="bbox 498 3423 964 3542; baseline -0.015 -22"><span class='ocrx_word' id='word_1_315' title='bbox 498 3437 553 3540; x_wconf 77' lang='lat' dir='ltr'>s,</span> <span class='ocrx_word' id='word_1_316' title='bbox 647 3443 675 3532; x_wconf 63' lang='lat' dir='ltr'><em>fi</em></span> <span class='ocrx_word' id='word_1_317' title='bbox 780 3451 789 3458; x_wconf 53' lang='lat'>·‘</span> <span class='ocrx_word' id='word_1_318' title='bbox 883 3423 964 3542; x_wconf 76' lang='lat' dir='ltr'>uni</span> 
     </span>
    </p>
   </div>
   <div class='ocr_carea' id='block_1_11' title="bbox 0 0 1135 3754">
    <p class='ocr_par' dir='ltr' id='par_1_13' title="bbox 0 0 1135 3754">
     <span class='ocr_line' id='line_1_42' title="bbox 0 0 1135 3754; baseline 0 0"><span class='ocrx_word' id='word_1_319' title='bbox 0 0 1135 3754; x_wconf 95' lang='lat' dir='ltr'> </span> 
     </span>
    </p>
   </div>
  </div>
 </body>
</html>
