2290 3762
167 103 215 202 '9‘4‘
336 99 876 206 C.JupttCAEsuurs

167 251 230 290 cum
243 232 363 310 periculo
374 232 512 310 legionem
526 250 560 290 ex
573 231 699 308 hybernis
711 237 854 298 educturus
876 239 955 300 esset:
976 245 1038 306 reni

165 310 267 385 gellam
290 310 318 367 in
333 309 484 368 Euronibus
508 309 663 386 perscribit:
684 313 764 372 docet
784 335 878 374 omues
900 320 1038 394 peditatirs

167 386 354 463 equitatbsque
369 386 459 464 copias
468 383 647 446 Trevirorum
659 409 668 447 ι
679 408 707 446 ιι
720 390 804 449 millia
817 395 939 470 passuum
952 397 1038 478 longe

166 463 201 522 ab
214 462 266 520 suis
279 463 368 520 castris
382 462 534 522 consedisse.
610 523 612 526 ,

205 538 268 598 XL.
290 539 388 609 Caesar,
409 539 519 598 consilio
533 537 587 614 ejus
600 541 731 618 probatos
756 545 813 615 etfi,
832 547 964 624 opinione
983 569 1033 612 ιιι

165 613 304 691 legionum
326 617 452 691 dejedlus,
472 617 507 674 ad
529 635 560 675 ιι
578 619 712 686 redierat;
743 634 834 682 tamen
857 644 943 685 unum
960 647 1037 688 com·
1132 647 1133 706 ξ

165 693 267 768 ιιιιιιιίεΙ
284 693 371 750 salutis
402 693 531 752 auxilium
566 694 594 751 in
616 697 753 758 celeritate
777 701 903 776 ponebat.
948 705 1039 766 Venit
1132 707 1133 722 ¹

166 771 271 846 magnis
293 769 432 828 itineribus
457 771 486 828 in
501 771 667 830 Nerviorum
688 773 762 834 sines.
801 774 844 836 Ibi
867 797 901 836 ex
921 784 1039 858 captivis
1132 799 1133 834 1

131 873 133 878 v
166 845 310 924 cognoscit,
338 866 397 925 quae
421 848 494 924 apud
514 846 676 908 Ciceronem
698 866 846 930 gerantur:
877 857 1054 936 quantusque*
1132 873 1133 878 ’

166 923 195 980 iu
218 923 338 1000 periculo
361 943 402 982 res
422 924 462 980 stt.
501 922 579 982 Tum
600 927 708 986 cuidam
734 951 769 987 ex
789 931 923 1008 equitibus
946 935 1039 996 Gallis

166 1001 274 1077 magnis
291 1000 407 1078 praemiis
422 997 572 1077 persuadet,
595 1000 636 1060 uti
658 1005 693 1062 ad
709 1007 871 1066 Ciceronem
897 1013 1040 1088 epistolam
1132 999 1133 1030 i

168 1077 281 1135 deserat.
321 1079 404 1136 Hanc
427 1075 533 1135 Graecis
545 1076 730 1156 conscriptam
752 1084 845 1143 litteris
868 1089 969 1156 mittit;
990 1111 1038 1160 ue,

167 1153 318 1231 intercepti
342 1151 464 1230 epistolis,
493 1153 581 1212 nostra
600 1155 636 1215 ab
659 1159 775 1218 hostibus
797 1163 905 1222 confilia
932 1185 1038 1242 cogno·

165 1229 280 1290 scantur.
321 1231 348 1286 Si
363 1229 436 1288 adire
449 1249 506 1288 non
520 1231 598 1307 possit
607 1255 616 1298 t
638 1249 749 1304 monet,
765 1251 796 1294 ut
809 1242 952 1316 tragulam,
972 1264 1039 1304 cum

165 1307 277 1384 epistoli
291 1307 324 1364 ad
339 1319 478 1364 amentum
499 1306 630 1388 deligati,
650 1311 721 1370 intra
748 1316 911 1376 munitiones
938 1323 1038 1380 castro-

166 1403 228 1444 rum
242 1383 361 1458 adjiciat.
401 1385 435 1440 In
456 1383 550 1442 litteris
571 1386 670 1456 scribit,
683 1394 715 1462 se
728 1413 782 1448 cum
795 1391 1038 1475 legionibusprrrfic·

166 1476 221 1520 ium
234 1465 348 1522 celeriter
357 1463 459 1538 aſj'ore:
481 1461 613 1532 hortatur,
632 1483 662 1524 ut
672 1469 806 1544 pristinam
825 1477 954 1532 virtutem
972 1481 1039 1534 reti·
1132 1501 1133 1520 t

168 1553 237 1598 neat.
275 1537 382 1603 Gallus,
401 1537 553 1613 periculum
580 1542 695 1610 veritus,
725 1557 756 1618 ut
782 1558 841 1603 erat
862 1563 1039 1627 praeceptum,

167 1613 300 1691 tragulam
318 1613 412 1672 mittit,
452 1611 522 1670 Haec
544 1613 605 1672 casu
629 1619 665 1676 ad
689 1621 783 1680 turrim
796 1623 926 1692 adhaesit3
947 1647 1038 1706 neque

167 1692 203 1750 ab
213 1691 305 1748 uollrir
317 1691 403 1748 biduo
417 1689 618 1762 animadversa:
639 1695 784 1768 tertiodie,
806 1699 824 1758 a
847 1704 966 1778 quodam
985 1707 1038 1764 mi·

166 1767 215 1844 lite
237 1765 415 1846 conspiciturs
435 1763 557 1842 dempta,
579 1770 614 1827 ad
630 1772 791 1832 Ciceronem
817 1777 945 1838 defertur.
984 1780 1037 1840 tlte

166 1841 313 1920 perlectam
326 1843 353 1900 in
377 1859 513 1900 conventu
528 1844 644 1906 militum
657 1852 762 1917 recitat,
783 1856 956 1934 maximique
976 1877 1038 1918 om·
1127 1866 1131 1932 ἶ

165 1919 216 1976 ‘nes
229 1917 323 1977 laetitias
336 1919 428 1978 afficit.
469 1919 545 1978 Tum
560 1921 629 1981 sumi
649 1928 838 1996 incendiorum
850 1935 944 2010 procul
959 1935 1036 1994 vide-

165 1994 279 2131 bantpr:
291 2016 350 2074 quae
362 2016 403 2055 res
416 2005 527 2056 omnem
540 1997 737 2063 dubitationem
751 2007 881 2068 adventius
895 2012 1036 2089 legionum

169 2093 203 2132 ex
224 2087 279 2134 uit.

237 2150 283 2210 LI.
303 2149 389 2221 Galli,
409 2175 438 2216 re
452 2158 564 2236 cogniti
588 2179 637 2237 per
657 2161 851 2237 exploratores,
871 2163 1039 2226 obfidionem

168 2231 342 2308 relinquunt3
371 2232 405 2289 ad
428 2235 561 2296 Caesarem
587 2238 714 2296 omnibus
737 2239 822 2314 copiis
858 2241 1036 2302 contendunt.

167 2306 214 2366 Ere
227 2323 313 2378 erant,
334 2326 502 2370 armatorum
519 2314 626 2372 circiter
650 2313 734 2369 millia
751 2331 803 2372 ux.
844 2317 952 2388 Cicero,
974 2320 1039 2379 data

166 2383 301 2452 facultate,
322 2385 436 2446 Gallum
453 2389 599 2446 abeodem
614 2387 774 2458 Verticone‚
795 2403 878 2468 que'm
893 2393 971 2472 suprai
989 2397 1038 2456 de·

167 2462 380 2528 monstravimus,
408 2467 528 2540 repetita
558 2463 606 2540 qui
628 2462 728 2524 litterar
755 2467 790 2524 ad
804 2471 936 2530 Caesarem
962 2472 1039 2532 dese·

167 2551 224 2596 rat:
255 2537 327 2593 hunc
358 2537 498 2606 admonet,
528 2540 580 2596 iter
609 2539 688 2597 caute
717 2541 915 2626 diligenterque
945 2549 1036 2612 faciat

168 2611 309 2670 Perscrtbit
331 2610 360 2666 in
384 2612 496 2678 litterius
516 2615 593 2691 hossas
605 2615 641 2674 ab
657 2618 831 2696 fissisceffiffi,
850 2625 989 2702 umn'e'nrque
1003 2629 1042 2686 ad

167 2711 222 2746 eum
238 2687 422 2746 multitudinem
443 2693 603 2768 convertiffe.
635 2693 739 2770 Qibus
751 2697 845 2758 litteris
858 2703 966 2760 circiter
980 2723 1037 2768 me·
1130 2767 1131 2770 ,

169 2764 214 2824 dii
237 2763 316 2822 noste
329 2762 419 2820 Caesar
441 2767 538 2836 allatis,
558 2768 616 2826 suos
633 2769 701 2829 sacrt
714 2775 860 2842 certiores;
883 2777 983 2854 erisque
1003 2781 1038 2839 ad

169 2840 359 2911 dimicandum
367 2842 461 2899 animo
475 2844 628 2902 confirmat.
672 2846 778 2908 Postero
791 2851 847 2923 die,
866 2853 926 2914 luce
937 2856 1037 2932 primi,
1132 2899 1133 2914 ι

168 2931 260 2980 movet
284 2917 386 2975 catlra:
417 2923 448 2975 δι’
464 2919 571 2978 circiter
598 2921 684 2982 millia
707 2927 830 3002 passuum
859 2949 893 2990 tv
914 2933 1039 3013 progres-

169 2993 226 3059 sus3
255 3007 326 3052 trans
352 2993 451 3055 vallem
478 3015 606 3074 magnam
632 3003 657 3056 δε
681 3001 782 3071 rivum,
808 3005 923 3068 hostium
945 3009 1038 3069 multi-

170 3071 291 3128 tudinem
317 3069 496 3148 conspicatur.
537 3075 601 3132 Erat
633 3078 726 3154 magni
750 3082 864 3161 periculi
889 3103 942 3151 res,
974 3105 1038 3145 cunr
1132 3127 1133 3144 ι

170 3149 248 3205 tantis
271 3147 356 3220 copiis
382 3149 475 3226 iniquo
499 3149 561 3210 loeo
588 3149 729 3213 dimicare.
769 3158 846 3218 Tum
860 3161 1037 3237 quoniamst·
1132 3181 1133 3188 ¹

170 3223 292 3284 berctum
318 3221 456 3286 obsidione
475 3224 639 3292 Ciceronem
665 3231 776 3316 sciebat,
802 3235 890 3316 eo'que
921 3239 1037 3326 omnipo

944 3325 1039 3389 reims,
