2254 3770
106 216 115 225 e
186 159 235 254 50
330 154 907 250 C.Jor11'Crasants

185 285 239 343 usui
263 306 305 345 res
326 301 475 366 preparata
500 284 653 350 a'nostrist
673 287 754 346 falces
770 305 919 366 praeacutae,
945 283 1044 350 insertae

184 363 323 442 affixaeque
345 364 483 441 longuriis,
502 384 558 423 non
576 364 690 424 absimili
715 364 805 422 formai
830 365 973 423 muralium
998 362 1046 422 sai·

183 441 265 498 cium.
305 441 358 498 His
380 461 462 519 quum
487 439 574 506 funes,
599 443 645 518 qui
671 457 800 500 antennas
819 442 854 500 ad
873 441 958 498 malos
976 441 1046 500 disti-
1125 507 1126 510 ,

182 515 294 586 nebant,
313 518 497 594 comprehenfi
521 517 683 596 addwuttique
704 533 796 582 etanta
831 519 942 596 navigio
969 519 1046 576 remis
1125 513 1126 584 3

182 592 302 660 incitato,
335 615 448 672 praerum
470 595 602 653 ebantur:
646 596 741 670 quibus
774 593 893 663 abscidit,
925 610 1045 656 antennae
1125 603 1126 668 ἶ

181 671 324 728 necessario
341 615 534 730 concidebane:
556 685 595 739 ut,
615 692 700 750 quum
720 674 808 738 omnia
831 671 945 730 Gallicis
972 672 1045 730 navi·
1125 671 1126 682 .

79 769 86 782 ·
181 743 230 804 bus
250 747 310 834 'spes
333 749 438 806 invelis
451 749 676 826 armamentisque
695 749 857 817 confideret,
877 751 918 806 bis
938 749 1043 825 ereptis,
1125 761 1126 774 ¹

180 839 268 880 omme
289 824 344 883 usu's
363 826 472 884 navium
493 845 547 883 uno
566 841 687 904 tempore
705 828 859 904 eriperetur.
900 826 1044 904 Reliquum

146 935 158 950 .
179 914 237 956 erat
258 917 394 961 certamen
421 903 536 980 positum
559 904 588 962 iu
610 906 723 968 virtute,
753 903 808 980 quai
844 902 923 962 nossri
950 904 1044 960 milites
1125 955 1126 978 ,

178 975 259 1034 facile
276 977 450 1055 superabant;
468 995 548 1058 atque
572 979 606 1038 ed
633 978 729 1058 magis,
749 978 823 1058 qudd
850 982 877 1038 in
904 981 1043 1058 conspeetu
1125 981 1126 990 ’

177 1049 287 1115 Caesaris
308 1072 391 1134 atque
415 1059 502 1114 omnis
526 1057 656 1116 exercitiis
678 1077 719 1114 res
741 1055 903 1134 gerebatura
933 1073 962 1116 ut
984 1057 1043 1114 nul·

177 1127 234 1186 lum
252 1133 342 1208 paullo
369 1133 462 1192 fortius
488 1133 587 1194 fanum
614 1134 698 1194 latere
719 1135 827 1212 posset:
850 1153 943 1192 omnes
970 1135 1041 1194 enirn

5 1276 7 1285 y
75 1243 115 1275 ,.-
160 1207 267 1274 ¹cosses,
289 1213 314 1268 dc
336 1211 397 1268 loca
419 1210 562 1286 superiora,
583 1212 654 1270 unde
676 1227 734 1270 erat
758 1212 924 1319 propinquos
950 1211 1042 1290 despue

4 1325 6 1339 .
81 1300 128 1356 fn·
159 1283 230 1357 ‚dus
258 1286 285 1343 in
308 1306 391 1354 mare,
412 1288 445 1346 ab
469 1291 586 1346 exercitu
611 1291 779 1348 tenebantur.
818 1307 830 1326 ‘⁴
858 1297 870 1346 ft

82 1357 86 1424 ’ᾗ
124 1409 128 1418 .
213 1363 281 1420 XV.
305 1364 436 1438 Disjedis,
458 1382 486 1424 ut
509 1362 634 1434 diximus,
654 1365 793 1426 antennis:
820 1341 908 1442 qflt'ffl
927 1362 1062 1440 singulae,

1 1497 3 1507 ,
172 1437 243 1496 binae
269 1453 315 1498 aut
348 1458 430 1503 ternae
454 1463 534 1500 naves
557 1443 791 1507 circumfifierent;
819 1443 916 1500 militet
937 1439 1041 1500 summai

173 1515 201 1572 vi
221 1517 406 1579 transcendere
428 1520 455 1574 in
478 1520 590 1574 hostium
612 1539 693 1576 naves
708 1519 918 1578 contendebant.
955 1517 1041 1593 Qud

171 1593 313 1668 postquam
349 1593 454 1652 barbari
490 1593 547 1652 fieri
583 1595 847 1661 animadverteruntt
881 1595 1040 1672 expugnatis

116 1695 118 1698 ·
170 1667 351 1742 compluribus
371 1672 501 1736 navibus;
531 1689 614 1749 quum
640 1675 665 1729 ei
692 1674 730 1730 rei
757 1674 860 1732 nullum
880 1673 1041 1750 reperiretur

170 1747 298 1802 auxilium
311 1771 320 1812 ς
341 1748 405 1822 suga
432 1749 541 1808 salutent
558 1765 649 1826 petere
673 1749 877 1818 contenderunt.
917 1749 967 1815 Ac,
979 1745 1038 1822 jam
1096 1771 1099 1781 ·

170 1823 301 1880 conversis
321 1827 350 1882 in
374 1837 555 1902 campartem
577 1826 697 1894 navibus,
718 1825 772 1904 qud
797 1842 890 1886 ventus
918 1823 1038 1891 serebat,

169 1911 244 1956 tanta
264 1899 349 1959 subitd
371 1905 485 1963 malacia
503 1922 534 1968 ac
555 1905 732 1982 tranquillitas
755 1905 862 1970 exstitit,
893 1915 922 1959 ut
944 1901 970 1958 se
996 1903 1040 1968 ¹⁰.-

168 1994 203 2034 eo
220 1995 329 2036 movere
359 1999 414 2036 non
438 1981 548 2058 possent.
587 1981 655 2054 Qnae
679 1981 791 2058 quidem
820 2000 862 2038 res
887 1979 921 2036 ad
949 1987 1038 2068 nqu-

168 2052 237 2111 tium
271 2056 468 2116 conficiendum
507 2058 624 2119 maxime
663 2060 715 2119 stu't
753 2073 929 2136 opportuna:
970 2073 1038 2115 nam

166 2129 280 2208 fingulas
305 2135 384 2194 nostri
410 2134 552 2194 consessuri
569 2153 812 2214 expugnaverunt,
845 2148 874 2193 ut
894 2151 1038 2210 perpaucae

165 2225 200 2264 ex
224 2213 301 2280 omni
326 2233 440 2274 numero
471 2215 554 2272 nodis
589 2217 743 2270 interventu
770 2212 806 2266 ad
842 2226 940 2268 terram
973 2227 1039 2286 pet-

33 2267 35 2274 *
107 2305 111 2313 ’
164 2281 296 2358 venerint,
317 2307 400 2366 quum
426 2291 461 2352 ab
487 2290 555 2350 horai
582 2289 639 2343 sere
662 2305 696 2342 tv
723 2285 803 2360 usque
830 2288 865 2342 ad
899 2285 959 2346 solis
988 2304 1038 2347 oc·

163 2363 251 2420 casum
278 2385 450 2444 pugnaretur.

201 2441 281 2498 XVI.
303 2443 366 2518 Qio
387 2441 483 2520 proelio
509 2439 612 2497 bellum
628 2439 798 2498 Venetorum
821 2437 956 2515 totidsque
978 2459 1037 2505 orae
1125 2511 1126 2514 Ἴ

161 2520 302 2576 maritimae
325 2521 476 2576 cononum
493 2517 535 2572 e'st.
580 2518 655 2574 Nam
679 2537 762 2594 quum
786 2517 874 2573 omnin
895 2515 1036 2588 juventus,

160 2613 255 2655 omnes
285 2595 367 2649 etiam
399 2595 527 2669 gravioris
549 2597 642 2660 aetatis,
673 2597 700 2652 in
725 2594 819 2671 quibua
842 2593 946 2668 aliquid
965 2615 1035 2652 con-

159 2671 208 2728 filii
230 2685 275 2724 aut
298 2668 436 2744 dignitatis
457 2670 517 2739 suit,
539 2668 572 2728 ed
594 2685 791 2734 convenerant;
826 2683 891 2734 tum,
920 2674 1036 2732 navium

159 2747 235 2824 quod
255 2745 353 2822 ubique
379 2746 474 2814 suerat,
504 2767 586 2806 unum
605 2749 632 2804 in
655 2749 745 2808 locum
766 2761 919 2824 coegerant.
961 2749 1033 2822 Qn-

158 2825 206 2883 bus
227 2823 336 2886 amiffis3
370 2825 466 2900 reliqui
499 2845 585 2902 neque
609 2823 662 2900 qud
696 2825 722 2884 se
745 2827 904 2900 reciperent,
939 2843 1035 2901 neque

156 2902 389 2980 quemadmodum
413 2901 512 2977 oppida
535 2903 718 2965 defenderent.
749 2901 889 2958 habebant.
930 2899 1033 2978 Itaque

122 2977 125 2984 ’
156 2981 193 3048 so,
221 2978 319 3052 suaque
341 2981 442 3044 omnia,
464 2979 561 3036 Caenri
584 2980 752 3036 dediderunt.
794 2979 823 3032 sn
838 2993 904 3050 quus
919 2975 952 3034 ed
964 2998 1033 3054 gra·
1125 3013 1126 3038 t

155 3057 214 3115 vids
234 3054 322 3111 Cacsar
350 3055 539 3112 uindicandum
565 3057 659 3123 statuit,
687 3053 741 3132 qud
761 3052 916 3128 diligentiits
940 3055 1032 3112 iure-

151 3135 255 3213 liquun
276 3151 378 3208 tempus
400 3131 416 3189 d
437 3133 554 3189 barbaris
575 3130 616 3204 jus
640 3136 791 3213 legatorum
813 3127 1031 3190 conservaretur.

152 3211 257 3288 Itaque,
280 3229 355 3268 omui
379 3210 470 3270 senatu
491 3225 610 3292 unouam,
639 3213 753 3288 reliquos
776 3205 823 3265 tub
844 3207 945 3291 corona
960 3227 1035 3282 νεια-Δ

150 3288 229 3348 didit.

922 3357 1032 3440 xvir,
