2302 3782
160 56 232 192 {64
303 90 876 190 C.J'uu11CAEeAn1s

127 287 136 306 ,
158 231 252 288 tabant
281 229 363 296 enim,
395 226 432 296 se,
459 227 543 286 domo
568 227 714 308 patriique
729 207 867 308 expulsos,
894 233 1029 296 omnibus

156 306 306 366 neceffariis
325 324 406 383 egere
430 306 509 364 rebus
520 327 530 369 s
560 318 589 363 ut
613 306 723 366 honesti
742 309 941 386 prascriptione
962 331 1031 370 rem

157 385 331 462 turpilstmam
357 394 488 460 tegerent.
529 382 707 442 Accedebant
725 385 761 442 ad
783 387 841 444 ltaec
863 389 1031 464 grauidimae
1123 388 1131 400 '

158 460 252 527 usura,
274 459 348 536 quod
361 461 390 517 in
403 459 478 518 bello·
487 459 646 538 plerumque
659 461 782 520 accidere
791 461 941 526 consuevitr
962 465 1032 522 uni-

158 535 239 596 uersis
259 536 396 616 imperatis
417 538 553 612 pecuniis:
585 539 681 614 quibus
694 539 724 596 in
737 540 822 608 rebus,
842 539 1031 613 prolationem

157 612 223 682 diei,
236 613 411 672 donationem
425 613 476 670 elle
488 612 621 675 dicebant.
662 615 760 697 ltaque
778 637 813 676 aes
826 617 944 676 alienum
957 637 1030 696 pro-

159 691 256 750 vinciae
275 711 309 749 co
332 691 442 747 biennio
475 688 681 767 multiplicatum
700 693 746 752 cst.
784 693 846 752 Nec
872 695 962 752 minus
986 695 1029 754 ob

157 786 220 827 eam
232 767 339 826 caulam
351 766 452 825 civibus
466 767 597 826 Romanis
618 769 672 844 ejus
693 770 849 848 provincia,
869 771 911 828 led
926 773 954 828 in
969 772 1028 829 stn-

158 845 237 923 gulos
249 856 396 902 conventus
406 843 571 922 singulisque
585 846 708 905 civitates
729 861 810 906 certae
827 849 947 926 pecuniae
970 848 1028 906 im-

158 922 337 999 perabantur3
356 920 516 997 mutuisque
529 923 586 978 illas
606 941 639 980 ex
653 925 679 980 S.
698 923 732 984 C.
753 926 825 1000 exigi
844 925 1028 991 dictitabante

159 998 319 1076 publicanis,
340 996 380 1056 uti
402 999 429 1054 in
442 997 511 1055 sorte
525 997 655 1067 fecerant,
674 1000 835 1080 insequentis
853 1003 920 1060 euni
940 1005 1029 1058 vecti·

160 1075 207 1151 gal
221 1087 403 1151 promotuum.
443 1075 575 1134 Praeterea
588 1075 688 1154 Ephesi
709 1075 726 1134 al
747 1079 811 1136 fano
824 1077 920 1136 Diauae
938 1078 1029 1156 depo·
1072 1147 1075 1151 .

160 1153 223 1210 srtas
244 1153 390 1230 antiquitus
416 1154 550 1228 pecunias·
565 1153 655 1232 Scipio
678 1153 737 1213 tolli
758 1155 880 1232 jubebat,
913 1153 1028 1232 ceteris-

161 1247 216 1306 que
235 1228 290 1302 ejus
307 1229 366 1288 deae
382 1230 485 1288 llatttas.
524 1232 617 1308 Qum
641 1233 670 1290 iu
702 1233 796 1292 fanum
811 1247 922 1294 ventum
949 1233 1029 1300 effet,

161 1305 287 1364 adhibitis
306 1307 489 1384 compluribus
510 1307 634 1367 senatorii
657 1311 767 1380 ordinis,
788 1329 855 1388 quos
875 1309 1029 1369 advocave-

161 1384 320 1461 ratSclploe
340 1384 434 1443 litterae
455 1386 480 1442 el
493 1386 641 1444 redduntur
660 1385 831 1464 &Pompeim
851 1409 922 1444 mare
940 1389 1029 1463 trans·

161 1463 206 1535 iffa
217 1485 271 1520 cum
282 1461 417 1538 legionibus
431 1460 578 1536 Caesarem3
593 1477 741 1544 properaret
754 1465 829 1537 adse
846 1487 900 1520 cum
912 1469 1029 1520 exercitu

161 1544 261 1606 venire,
300 1539 430 1613 omnirique
456 1539 624 1617 posthaberet⁴
663 1539 715 1595 His
755 1539 848 1596 litteris
889 1539 1028 1612 acceptls;

162 1633 231 1690 quos
253 1614 442 1678 advocaverat,
471 1613 598 1669 dimittit:
629 1611 683 1686 ipse
708 1617 758 1668 iter
780 1614 814 1666 in
832 1614 1032 1673 Macedoniam

159 1691 392 1766 parare-incipite
424 1687 570 1763 paucisque
600 1685 658 1762 poll
691 1687 784 1744 diebus
810 1687 846 1742 cll
878 1686 1031 1763 proiectus.

162 1767 232 1823 Haec
245 1785 286 1822 res
300 1763 420 1838 Ephellae
431 1764 550 1838 pecuniae
564 1759 673 1816 salutem
688 1763 786 1820 attulit.
866 1787 868 1792 ·

169 1865 173 1870 ·
200 1841 302 1897 xxix.
321 1839 419 1904 Caesar,
440 1837 553 1893 Antonii
575 1838 694 1903 exercitu
711 1838 880 1914 ‘coujuudl03
909 1837 1030 1900 deducte

162 1917 246 1975 Orico
256 1916 372 1992 legione,
380 1931 462 1992 quam
471 1914 577 1972 tueudae
586 1919 640 1972 orie
650 1915 792 1975 maritimae
800 1917 883 1976 causi
891 1917 1033 1994 posueratc
1135 1893 1136 1922 ³

163 1993 303 2052 tentandas
315 1993 361 2051 stbi
375 1992 535 2072 provincias,
550 1991 711 2125 loupidsquc
726 1993 927 2070 procedendum
941 1994 1029 2050 existi·

163 2071 269 2134 mabatc
297 2075 331 2139 dc,
358 2090 443 2153 quum
465 2070 500 2126 ad
523 2089 584 2126 eum
610 2071 681 2146 egati
695 2069 824 2129 venillenl
844 2091 877 2128 ex
889 2071 1028 2130 Thessalia

163 2149 332 2228 AEtoliisque,
345 2149 392 2226 'qui
407 2147 529 2224 prasidio
542 2148 618 2206 millo
632 2147 822 2224 pollicerentur
835 2167 926 2205 earum
940 2150 1028 2222 genti·

163 2235 216 2294 um
220 2227 339 2284 civitates
350 2225 623 2303 imperata'faituras3
640 2225 793 2284 L.Callium
801 2225 957 2300 Longinum
966 2227 1027 2284 cum

141 2351 143 2358 .
164 2305 273 2380 legione
286 2305 415 2370 tironum,
436 2322 500 2380 quae
511 2302 696 2378 appellabatur
707 2302 835 2380 vigesima
847 2299 969 2377 septima,
989 2309 1029 2357 at-

166 2400 220 2457 que
232 2381 367 2459 equitibus
379 2397 425 2447 cc,
451 2381 479 2436 in
493 2379 673 2445 Thessaliam
693 2377 725 2434 C.
739 2379 883 2436 Calvisium
898 2375 1027 2434 Sabinum

144 2525 147 2531 ¹
165 2469 228 2516 cum
241 2457 393 2516 cohortibus
407 2476 438 2523 v,
459 2455 604 2530 paucisque
617 2455 761 2530 equitibus,
780 2457 808 2512 in
823 2452 954 2511 AEtoliam
973 2454 1027 2509 rni-

165 2535 213 2594 fit:
232 2534 405 2610 maximique
418 2551 471 2598 eos,
486 2531 559 2608 quod
574 2544 649 2588 erant
662 2533 820 2608 propinquae
834 2529 966 2662 repones,
994 2529 1029 2592 de

167 2632 198 2680 re,
210 2609 385 2671 frumentarii
397 2609 618 2682 utproviderent,
642 2607 762 2665 hortatus
782 2608 826 2664 est.
891 2627 918 2664 n.
933 2605 1027 2664 Domi·

168 2687 382 2757 tiumCalrinum
389 2703 451 2741 curn
458 2683 608 2758 legionibus
618 2683 729 2749 duabus,
743 2703 762 2740 x
770 2690 827 2752 1,&
842 2703 876 2747 xi
888 2702 910 2750 1,
922 2684 1028 2758 aequi,

169 2767 237 2824 tibur
252 2773 284 2834 o,
307 2764 334 2821 in
348 2761 542 2819 Macedoniam
557 2758 686 2834 proficisci
697 2759 783 2835 juffi't3
802 2760 873 2834 cujus
886 2759 1029 2837 provinciae

168 2845 203 2901 ab
218 2843 350 2918 cupane,
363 2857 423 2914 quae
438 2837 536 2893 Libera
544 2836 736 2912 appellabatur,
746 2839 936 2903 Menedemus,
958 2836 1036 2910 prin·

170 2941 232 2996 ceps
245 2937 337 2976 earum
350 2916 502 2992 regionum,
516 2913 602 2970 milsus
612 2914 722 2989 legatus,
732 2915 855 2972 omnium
865 2913 973 2971 suorum
985 2929 1030 2967 exa

168 2997 267 3054 cellens
281 2994 392 3050 studium
407 2990 588 3068 profitebatur.
952 2991 953 2994 ’

177 3101 180 3108 ¹
208 3071 296 3128 XXX.
322 3073 362 3126 lix
385 3069 425 3125 his
440 3067 567 3126 Cal'vifius
592 3066 681 3142 primo
705 3067 821 3126 aduentu
845 3061 948 3122 summe
974 3079 1029 3118 otu·

168 3149 247 3206 nium
269 3145 427 3202 AEtolotum
453 3147 575 3221 receptus
586 3144 726 3200 voluntate
737 3168 754 3210 3*
772 3141 897 3220 ptaefidiis
910 3137 1028 3197 advolit-

169 3228 272 3290 riorum
291 3220 431 3295 Calydone
454 3226 486 3279 &-
502 3220 657 3298 Naupacto·
667 3219 786 3296 dejectis,
802 3215 888 3277 omni
915 3214 1025 3300 AEtolii.

152 3323 154 3328 ·
934 3301 1029 3375 potitus
