2302 3782
14 215 21 330 l

147 1449 295 1521 -saoentur,
313 1451 361 1530 ipfi
374 1471 426 1530 pro
438 1451 485 1510 suo
498 1453 620 1528 periculo

263 171 318 244 'nr
343 171 490 244 Burro
512 167 683 242 Crvrrr
710 163 807 243 Lta.
832 163 896 242 ΙΙΙ.
955 165 1029 270 3'01‘

203 307 281 368 XCI.
301 307 386 366 Erant
404 323 468 366 cum
489 303 598 364 Achilla
615 303 723 380 copiae:
748 315 884 438 utusque
903 326 1028 381 numero,
1136 341 1137 352 κ

166 400 256 462 neque
279 403 379 461 genere
397 383 548 450 hominum,
573 399 663 458 neque
681 379 729 438 usu
748 382 787 438 rei
806 383 935 452 misteria,
961 405 1027 446 con·

165 463 318 520 temnendae
335 461 506 519 uiderentur:
532 458 618 516 millia
637 457 710 514 enim
730 473 774 514 xx
793 457 822 516 in
841 459 923 518 armis
941 460 1026 521 lrabe-
1136 467 1137 472 ’

163 535 220 595 bat.
259 540 314 596 Hae
333 534 488 598 constabant
505 553 540 592 ex
557 533 718 592 Gabinianis
737 533 882 602 militibus:
906 537 954 613 qui
969 537 1027 613 jam
1136 585 1137 592 ,

163 611 192 670 in
211 613 428 672 consuetudinem
449 611 640 670 Alexandrina
659 610 722 668 vitae
743 622 772 666 at
794 629 827 668 ue
847 610 961 679 licentiae
980 635 1027 674 ve·
1136 615 1137 632 ³

144 701 276 756 nerant:
302 696 328 748 dr
345 707 446 748 nomen
465 685 689 764 disciplinamque
709 703 784 763 popu
797 687 802 700 '
817 687 936 746 Romani
949 691 1029 752 dedi·

163 763 304 832 dicerant:
332 764 480 843 uxoresque
504 765 647 830 duxerant,
673 762 822 840 exquibus
846 763 969 842 plerique
993 769 1028 827 li.

144 839 241 901 ·beroa
267 841 411 901 habebant
448 841 514 898 Huc
532 839 697 908 accedebant
714 839 820 900 collecti
839 859 877 898 ex
890 842 1028 918 praedoni-

161 917 212 976 bus
238 917 437 994 latronibusque
456 918 550 992 Syriae,
577 911 745 1000 Ciliciadque
764 917 920 992 provinciae,
947 919 1028 979 finiti-

161 993 324 1071 marumque
341 996 492 1072 regionum.
530 991 617 1052 Multi
632 995 771 1068 praterea,
791 994 884 1070 capitis
897 995 1028 1068 damnati,
1136 995 1137 998 ’

161 1070 306 1148 exulesque
336 1081 537 1131 convenerant:
570 1067 744 1146 fugitivisque
779 1070 903 1132 omnibus
931 1074 1029 1148 *notris

147 1155 250 1204 :eettm
276 1161 333 1208 erat
351 1147 524 1205 Alexandriae
542 1158 675 1221 receptus,
701 1143 830 1222 certique
847 1147 909 1205 vitae
933 1151 1028 1210 cond-i·

148 1222 211 1290 tio,
231 1236 271 1292 ut,
291 1225 357 1282 dato
375 1225 495 1290 nomine,
515 1222 632 1280 militum
652 1221 734 1278 essent
752 1240 880 1294 numero:
907 1243 1027 1301 quorum

64 1327 71 1342 ·
149 1297 181 1358 s:
206 1299 266 1374 quis
285 1299 303 1357 d
320 1300 433 1359 dondno
452 1298 735 1376 comprehenderetur,
761 1297 888 1356 concursu
907 1303 1026 1362 militum

160 1375 322 1453 eripiebatur
332 1398 342 1442 3
359 1377 407 1454 qui
420 1377 476 1432 vim
496 1375 615 1442 suorum,
635 1372 708 1508 quod
728 1375 757 1430 in
775 1373 854 1432 simili
873 1375 953 1466 culpi
967 1397 1027 1436 ver·

160 1529 262 1590 amicos
281 1529 316 1588 ad
334 1527 632 1606 mortemdeposcere:
657 1449 1026 1605 lessellblrbml:lcuplblulrlglll¹

160 1604 250 1682 ripere
274 1607 398 1684 stipendii
420 1605 537 1682 augendi
556 1603 647 1671 causa,
673 1623 688 1660 r
724 1604 745 1660 is
764 1602 877 1662 domum
896 1606 1027 1678 obsidere,

159 1700 189 1740 re
271 1683 407 1761 expellere
431 1681 509 1750 aiios,
535 1682 602 1740 alios
621 1699 698 1739 aecer
708 1698 764 1749 ere,
788 1693 880 1740 vetere
906 1685 1026 1761 quodam
1136 1737 1137 1740 ,

159 1758 186 1816 Α
249 1760 339 1818 ndrini
372 1759 504 1826 exercitus
519 1765 521 1770 ’
535 1758 668 1826 instituto,¹
701 1755 902 1818 consueverant.
940 1761 1026 1822 Erant

159 1849 291 1911 praeterea
316 1837 439 1914 equitum
461 1833 552 1894 millia
573 1853 611 1905 11,
634 1833 684 1910 'qui
706 1833 923 1895 inveteraverant
949 1857 1026 1898 com·

159 1911 278 1986 pluribus
298 1913 469 1970 Alexandriae
492 1912 584 1968 bellis:
610 1911 640 1967 hi
660 1909 838 1970 Ptolemaeum
864 1925 968 1990 patrem
996 1916 1025 1975 in

152 2003 276 2062 regnum
299 1988 478 2050 reduxerant:
510 1985 598 2043 Bibuli
622 1977 691 2041 filios
717 1988 785 2044 duos
817 1989 1024 2061 interfecerant:

158 2059 315 2196 beababslum
331 2059 472 2136 AEgyptiis
489 2061 641 2136 gesserant:
659 2059 733 2118 hunc
752 2060 827 2120 usum
846 2066 885 2124 rei
903 2067 1026 2130 militaris

264 2151 303 2198 nt.

198 2213 292 2274 XCII.
312 2214 365 2274 Hie
383 2211 469 2290 copiis
489 2208 572 2268 sidens
587 2208 717 2280 Achillae,
737 2199 954 2295 paucitatemque
972 2222 1025 2280 ml·
1136 2239 1137 2244 ¹

160 2289 240 2350 litum
265 2291 375 2352 Castris
401 2288 560 2366 despiciens,
587 2301 702 2364 occupat
719 2287 928 2351 Alexandriam:
955 2315 1026 2372 prae.

160 2380 236 2428 terea
249 2369 348 2448 oppidi
366 2379 452 2445 parte,
472 2383 555 2442 quam
567 2361 657 2422 Caesar
674 2383 736 2424 eum
756 2365 885 2425 militibus
903 2375 1024 2446 tenebat,
1062 2407 1066 2413 ·

160 2446 249 2522 primo
274 2449 311 2505 im
331 2457 376 2504 etu
393 2443 509 2502 domum
528 2441 584 2518 ejus
602 2441 754 2519 irrumpere
772 2457 882 2502 conatus
901 2449 937 2506 est
943 2473 952 2516 3
979 2451 1025 2511 sed

158 2521 256 2592 Caesar,
275 2467 402 2598 dibosrtis
421 2519 546 2598 pervias
564 2517 728 2588 cohortibus,
748 2521 880 2598 impeturn
899 2523 953 2598 ejus
973 2527 1025 2586 sus-

160 2595 251 2656 tinuit.
290 2596 452 2674 Eodsmque
470 2608 594 2673 tempore
613 2609 764 2674 pugnatum
784 2598 821 2655 est
838 2600 873 2656 ad
897 2614 1024 2676 portum:

159 2684 193 2730 ac
212 2673 295 2752 longe
315 2676 462 2734 maximam
479 2673 566 2730 attulit
584 2691 618 2731 ea
635 2691 677 2731 res
695 2673 915 2734 dimicationem:
945 2679 1025 2740 simul

158 2749 244 2821 enim,
277 2749 390 2808 didusiis
414 2749 510 2828 copiis,
542 2748 662 2827 pluribus
688 2750 739 2808 viis
770 2752 952 2830 pugnabatur:
988 2762 1024 2826 δι,

159 2827 261 2961 paqqnd
273 2827 456 2896 multitudine,
475 2845 557 2961 natves
570 2827 666 2960 lungssqs
686 2829 922 2962 ocepparedhpsles
941 2849 1024 2922 cona·

227 2922 273 2969 ur:
320 2922 498 2964 uarumeran
531 2921 622 2962 naua
654 2921 674 2960 o
699 2923 726 2960 m
798 2924 815 2962 a
874 2923 919 2964 om
955 2929 1023 2980 rum,

159 2997 233 3056 que,
252 2923 349 3058 pollio
363 2981 391 3038 in
404 2979 543 3040 Thessalia
556 2977 637 3049 neo,
656 2979 770 3038 domum
783 2926 954 3042 redierant.Pe
963 2973 1024 3046 lllae

159 3054 282 3131 triremes
301 3075 396 3116 omnes
415 3061 440 3115 dr
458 3058 665 3134 quinqueremes
678 3069 763 3126 erant,
783 3072 852 3134 aptae
871 3058 1024 3122 instrume-

160 3151 215 3208 que
232 3134 355 3196 omnibus
373 3134 452 3192 rebus
469 3133 503 3192 ad
523 3132 718 3211 navigandum.
756 3134 856 3194 Praeter
869 3135 925 3207 has,
947 3159 1020 3198 xxii

159 3221 247 3278 eraut,
267 3230 327 3286 quae
341 3209 454 3288 prandii
468 3211 548 3270 causa
561 3209 732 3267 Alexandria
750 3211 802 3270 esse
821 3212 1022 3292 consueverant,

160 3285 297 3348 constratae
323 3305 433 3352 omnes:
468 3305 534 3366 quas
559 3285 580 3348 si
607 3285 793 3365 accepissent:
820 3289 898 3350 classe
923 3289 1023 3349 Casani

917 3364 1022 3444 ereptis,
