2290 3762
190 205 246 257 er
273 139 422 256 Buteo
448 180 665 254 Gnnnrco
691 180 878 257 Lrn..Vl.
931 210 1000 284 117

140 309 251 370 inermis
275 331 309 370 ex
326 311 503 380 tabernaculo
521 311 630 390 prodit:
641 311 644 318 “
656 311 729 370 uidet
746 313 888 372 imminere
907 309 1001 382 hoster,

140 401 226 464 atquc
244 390 274 446 in
287 389 391 448 summo
405 391 456 448 esse
469 407 526 448 rern
539 389 706 448 discrimine:
725 392 796 467 capit
808 393 882 448 arnna
901 386 918 446 ai
938 408 1002 466 pro·

140 465 229 533 trinnis,
250 479 333 544 atque
344 468 373 524 in
389 465 469 544 portal
488 467 607 526 confiuit.
648 465 800 542 Sequuntur
817 468 889 524 hunc
909 481 1002 524 centu·

134 541 230 600 'rionen
255 545 309 620 ejus
329 543 456 612 cohortis,
482 561 544 622 quae
568 545 597 601 in
624 542 736 602 statione
761 558 831 601 erat:
858 541 1004 622 paullisper

141 621 271 696 proelirun
283 619 340 678 und
352 620 484 679 sustinent.
523 620 663 698 Relinquit
675 621 777 682 animus
790 622 920 688 Sextium,
940 639 1003 696 gre·

142 695 350 772 vibus-acceptis
361 697 532 754 vulneribus:
553 717 636 776 aegre,
655 715 704 772 per
716 715 811 754 manos
824 701 930 766 traduc,
950 696 1003 754 ser·

51 831 57 839 ‚
142 785 230 834 vatur.
270 773 336 832 Hoc
353 773 439 850 spatio
457 774 622 851 interposito,
641 774 737 852 reliqui
756 771 809 832 sese
825 775 1028 840 confirmantr‘

141 848 251 909 tantiam
265 864 294 909 ut
307 852 336 908 in
348 850 540 910 munitionibus
548 851 688 912 consistere
697 851 822 920 audeant,
834 849 1006 930 speciemque

92 947 97 956 ’
139 923 312 986 defensorum
324 928 467 1005 prebeant
536 979 538 984 .

182 1002 318 1063 XXXVI.
351 1003 473 1074 interior,
504 1004 627 1063 conscili
657 1003 874 1072 immutatione,
907 1004 1005 1062 milites

143 1079 225 1138 nostri
244 1081 391 1141 clamorem
402 1081 561 1140 exaudiunt:
581 1095 747 1158 praecurrunt
760 1084 861 1160 equites
871 1104 879 1148 t
902 1095 1006 1157 quanto
1032 1097 1033 1102 ’

143 1175 188 1215 ree
206 1157 237 1214 fit
249 1159 277 1216 in
290 1158 420 1238 periculo,
439 1157 610 1236 cognoscunt
650 1155 706 1216 Hic
719 1158 784 1218 vero
797 1159 871 1215 nullo
889 1159 1006 1218 munitio

143 1235 194 1300 eli,
221 1254 283 1311 quae
302 1236 456 1311 perterritos
482 1235 602 1312 recipiat.
643 1231 732 1292 Modd
750 1235 898 1311 conscripti,
923 1248 1007 1312 atque

144 1312 209 1370 ustis
228 1312 349 1370 militaris
368 1312 493 1388 imperiti.
519 1313 556 1370 ad
572 1311 710 1368 tribunum
737 1311 851 1367 militurn
871 1313 1006 1369 centurio·

64 1441 66 1448 i
144 1385 249 1464 ne‘sque
275 1407 323 1446 ora
341 1401 517 1455 convertunt3
544 1387 611 1464 quid
629 1387 664 1444 ab
691 1385 731 1442 his
756 1386 934 1464 praecipiatur,
956 1385 1007 1444 'tx-

146 1463 276 1541 spetlant.
318 1466 413 1523 Nemo
431 1467 470 1524 est
487 1479 542 1523 tarn
560 1463 644 1532 sortis,
665 1463 730 1540 quin
749 1465 789 1520 rei
808 1462 927 1520 novitate
946 1481 1008 1538 per-

146 1539 277 1601 turbetur.
313 1541 432 1612 Barbari‚
445 1542 520 1622 ligna
553 1542 628 1599 rocul
640 1539 794 1618 conspicati,
807 1541 1018 1618 oppugnatiouer

112 1637 115 1644 ’
146 1617 284 1677 desiliunt:
310 1617 406 1678 redisse
424 1618 515 1697 prinnd
532 1563 653 1698 legiones
671 1617 793 1687 credunt,
813 1637 880 1694 quas
898 1616 1006 1696 longiirt

129 1765 134 1772 ,
147 1695 279 1755 discessisse
293 1715 326 1756 err
338 1697 449 1774 captivis
462 1711 664 1774 cognoverant:
686 1697 783 1772 polleo,
803 1693 927 1772 despedlti
938 1714 1007 1773 pau-

149 1773 236 1840 citate,
257 1795 290 1832 ex
303 1775 427 1834 omnibus
439 1777 557 1852 partibus
569 1775 702 1851 impetum
714 1773 825 1832 faciunt.

186 1850 333 1910 XXXVII.
349 1851 463 1911 Calones
476 1854 504 1910 in
517 1844 669 1929 proxiiuurn
684 1851 818 1910 tumulum
826 1863 1006 1946 procurrunt:

148 1924 211 1986 ltine
230 1929 352 1986 oeleriter
368 1927 473 2002 deicoli,
498 1928 524 1986 se
542 1931 571 1985 in
594 1929 668 2004 signa
694 1929 900 2006 manipulosque
924 1926 1007 2004 conji-

148 2005 238 2060 ciunt:
256 2004 292 2060 ed
312 2000 399 2076 magis
417 2003 524 2060 timidos
542 2009 689 2080 perterrent
708 2007 813 2063 milites.
851 2006 916 2071 Alii,
936 2025 1009 2064 cuneo

138 2085 219 2158 ficio
231 2095 260 2136 ut
274 2080 391 2138 celeriter
404 2091 576 2153 perrumpant,
595 2079 717 2137 censent:
736 2083 863 2156 Quoniam
874 2098 931 2140 tom
947 2097 1007 2158 pro·

145 2160 241 2234 pinqua
245 2157 301 2236 sint
313 2157 414 2229 castrat
428 2155 475 2230 etst
480 2155 544 2227 pars
556 2154 643 2228 aliqua
655 2157 828 2212 circumventa
840 2159 962 2224 ceciderit,
976 2173 1008 2214 ot

148 2232 254 2309 reliquos
256 2234 369 2308 servari
374 2231 441 2306 pff
450 2227 597 2287 confidunt.
666 2229 706 2294 lii,
720 2245 749 2287 ut
760 2235 787 2286 in
789 2233 856 2308 jugo
866 2234 1007 2306 rorfistant,

149 2323 227 2386 atque
237 2311 337 2370 eundem
348 2329 426 2364 omnes
434 2310 576 2392 feraqtscq
679 2303 743 2363 Hoc
756 2323 858 2365 veteres
871 2325 925 2363 non
945 2327 1021 2383 pro·,

149 2385 216 2444 bant
234 2387 341 2452 militet,
361 2403 428 2461 quos
443 2383 490 2441 sub
510 2381 608 2456 lexillo
645 2401 681 2440 na
699 2381 835 2459 profectos
853 2382 1008 2442 docuimus:

148 2462 330 2542 itaqueu'nter
349 2459 374 2518 se
393 2460 536 2536 cohortali,
563 2459 632 2518 duce
649 2459 684 2518 C.
703 2459 844 2518 Trebonio
862 2461 954 2538 equite
974 2461 1010 2520 R.

150 2543 198 2617 qui
216 2542 254 2596 eis
273 2552 331 2596 erat
348 2557 402 2614 prae
440 2537 509 2608 titus,
527 2557 579 2614 per
590 2537 693 2596 medior
713 2537 797 2596 holles
816 2552 992 2616 perrumpunt
998 2562 1008 2605 3
1128 2575 1129 2588 κ

148 2615 391 2694 incolumesquea
444 2633 527 2672 unum
558 2614 587 2672 in
614 2613 697 2674 castra
722 2618 881 2690 perveniunt
908 2634 1010 2674 omnes.
1080 2679 1082 2685 s
1128 2629 1129 2692 ᾗ

151 2693 213 2758 Hos
226 2691 360 2750 subsecuti
377 2689 484 2749 calones
502 2689 658 2768 equite‘sque
677 2691 776 2751 eodem
794 2693 908 2770 impetu,
937 2695 1009 2752 rnili-
1128 2703 1129 2722 ¹

151 2781 210 2830 turn
229 2770 327 2826 virtute
343 2765 490 2827 serrantur.
531 2769 611 2835 Atii,
632 2770 679 2846 qui
698 2770 728 2827 in
742 2769 810 2846 jugo
827 2771 1007 2840 constiterant,

150 2847 226 2904 nullo
244 2846 326 2903 etiarn
352 2862 425 2902 nunc
443 2844 489 2902 usu
508 2844 547 2902 rei
565 2845 685 2920 militaria
704 2861 831 2924 percepto
836 2871 846 2914 3
871 2865 961 2923 neque
973 2847 1010 2904 in

149 2943 193 2994 eo,
220 2923 296 3000 quod
314 2921 503 3000 probaverant,
529 2921 639 2980 consilio
658 2941 826 3000 permanere,
851 2937 882 2982 ut
899 2923 927 2981 se
946 2922 1009 2982 loco
1128 2967 1129 2998 ἒ

147 3001 282 3080 superiore
300 2997 494 3072 desenderent3
513 3017 603 3076 neque
616 3019 686 3066 eam,
706 3017 794 3077 quarn
809 2997 935 3076 profuisse
952 3000 1010 3058 aliie
1042 3017 1044 3022 ’
1128 2999 1129 3054 l

148 3079 204 3144 uim
238 3073 457 3151 celedute'rnque
483 3075 615 3144 viderant,
646 3077 747 3134 imitari
765 3091 931 3152 potuerunt:
963 3076 1009 3134 sed

149 3155 223 3212 sein
241 3154 324 3216 tastu
342 3153 463 3228 recipere
481 3153 580 3221 conati,
599 3151 721 3228 iniquum
742 3151 770 3209 in
789 3153 877 3212 locutu
896 3151 1008 3210 demise·

150 3243 222 3290 runt.
259 3229 436 3290 Centuriones
443 3251 453 3294 3
485 3249 601 3305 quorum
625 3227 748 3286 nonnulli
774 3247 808 3289 ex
838 3226 1010 3306 inferioribus

149 3305 286 3374 ordinibus
304 3307 469 3386 reliquarum
486 3306 638 3386 legionum,
656 3303 736 3385 couti
754 3307 867 3377 numos,
886 3307 914 3363 in
933 3302 1010 3389 supe·

273 3417 276 3422 ·
505 3427 506 3436 ,
927 3392 1011 3434 norea
