2254 3770
200 166 253 218 ue
272 139 647 218 Beneo'Gnunrco
666 141 766 218 Ltn.
783 142 845 217 lli.
917 168 966 238 45

133 277 197 358 ¹1V.
219 280 296 344 Brevi
317 280 402 358 spatio
423 278 578 358 ¹mterjustor
598 280 644 338 vix
669 291 699 338 ut
721 279 761 338 bie
786 279 874 350 rebor,
903 288 969 358 quar

98 357 300 426 constituissent,
328 357 489 416 collocandis
514 372 596 434 atque
622 355 833 414 administrandis
865 370 970 434 temput

105 435 230 491 daretur:
251 433 336 498 hollos
350 453 383 490 ex
395 435 519 492 omnibus
532 431 662 510 partibus,
682 431 757 508 ligno
778 432 854 504 dato,
874 433 970 491 decet-

103 529 180 582 rerer
199 510 302 588 lapides
323 509 447 587 guesaique
461 510 488 566 in
501 509 601 570 vallum
611 505 752 581 conjicere.
795 509 898 575 Nostri,
935 509 971 566 ri·

102 583 152 645 ruti
176 587 287 664 integris
312 588 412 644 viribus
442 585 545 644 fortiter
575 602 735 676 repugnate,
767 602 857 663 neque
887 529 972 645 ullium

102 663 199 720 frustra
212 665 295 720 telum
309 682 342 720 ex
354 663 416 721 loco
429 661 563 740 superiore
577 677 704 721 mittere:
724 673 754 717 ut
776 681 892 739 queque
909 681 971 740 pare

104 741 252 808 castrorum
271 739 378 800 nudata·
398 738 578 798 defensoribus
596 739 682 816 premi
695 737 846 806 videbatur,
865 737 899 798 eb
925 757 973 798 oc·

105 835 213 874 currere
236 821 261 874 dr
282 815 410 874 auxilium
428 814 515 874 serre:
536 815 580 874 sed
604 815 659 872 hdc
675 813 800 892 superari,
819 811 895 891 qutld
909 814 971 874 diu·
1004 849 1007 858 ·

101 893 234 951 turnitate
253 912 352 970 pugnae
382 893 468 950 hoster
488 892 577 952 deseffi
602 891 698 970 proelio
722 891 897 961 excedebant,
925 890 973 950 alii

103 969 217 1046 integris
237 971 336 1028 viribus
354 967 538 1029 succedebant.
577 971 699 1044 Qarum
719 987 809 1026 rerum
830 965 848 1028 ti
868 967 973 1036 noilrir,

105 1065 156 1126 pro
177 1061 217 1114 ter
238 1047 411 1124 paucitatem,
433 1045 490 1104 fieri
512 1045 580 1103 nibil
601 1057 722 1124 potetate
753 1063 784 1102 ac
805 1063 860 1104 non
888 1041 973 1103 modu

105 1124 145 1196 de
158 1123 219 1192 esso,
248 1142 283 1198 ex
304 1123 396 1202 pugni
421 1121 568 1180 excedendi
575 1145 585 1188 r
615 1123 658 1180 sed
681 1141 717 1180 ne
742 1119 831 1180 saucio
853 1121 974 1198 quidem,
1101 1195 1106 1200 Ἰ

103 1197 164 1273 ejus
189 1197 242 1256 loci
263 1198 308 1256 ubi
334 1199 487 1258 constiterat
507 1197 685 1276 relinquendi,
706 1216 739 1258 ec
760 1197 797 1256 sui
817 1197 974 1276 recipiendi,
1089 1191 1112 1266 ’ξι

106 1273 219 1334 facultas
238 1274 360 1334 dabatur.
440 1297 441 1300 ¹
540 1277 548 1284 ’
1125 1283 1126 1296 ’

132 1349 188 1421 ¹V.
211 1353 304 1427 Quum
325 1350 382 1426 jam
408 1352 521 1430 amplius
540 1353 659 1414 horitur
680 1352 849 1412 continenter
871 1368 975 1426 pugna·

107 1439 199 1488 retur:
213 1484 216 1488 ,
228 1447 261 1486 ec
281 1447 336 1488 non
355 1426 443 1488 solium
457 1432 536 1498 vires,
555 1428 600 1488 sed
621 1431 704 1487 etiam
725 1429 778 1486 tela
799 1426 890 1486 nostris
909 1426 975 1486 desi·

105 1511 217 1566 cerent':
237 1518 319 1583 atque
350 1505 437 1566 hostes
463 1505 551 1564 acriis
576 1507 717 1572 instruente
754 1505 798 1564 lan
820 1501 976 1562 uidioribits·

130 1599 164 1639 ue
185 1581 287 1648 nostris,
306 1581 408 1640 vallum
435 1581 563 1652 scindere,
583 1587 609 1641 δι
626 1583 702 1642 sotsac
723 1523 862 1660 complere
881 1577 977 1658 coepis·

105 1601 182 1724 sentr
211 1657 307 1736 re‘sque
333 1659 396 1724 esset
417 1656 476 1734 jam
497 1660 533 1726 ad
560 1673 709 1722 extremum
728 1661 844 1720 deducta
868 1657 978 1718 casum:

107 1735 145 1794 Ρ.
165 1734 274 1796 Sextius
296 1736 417 1805 Baculus,
431 1736 568 1814 -primipili
588 1739 722 1806 centurio,
747 1755 829 1814 quem
855 1737 978 1797 Nervico

107 1811 207 1903 proelio
228 1813 410 1889 compluribus
431 1813 584 1873 confestum
609 1815 761 1874 vulneribus
784 1813 918 1880 diximurr
951 1818 978 1872 k

107 1900 177 1946 rtem
197 1889 236 1978 ¹C.
260 1889 410 1948 Volusenus
441 1891 562 1948 tribunus'
593 1893 721 1960 militum,
752 1891 795 1950 vir
821 1895 848 1948 ur
874 1889 977 1950 consilii

108 1965 978 2122 titini‚littotli²l³tnssttlt”tntflitltl

107 2116 241 2194 auxilium
263 2115 455 2190 experirentur.
497 2117 603 2192 ltaque,
634 2122 788 2180 convocatis
813 2122 977 2180 centurioni·

108 2192 170 2262 bus,
190 2191 312 2250 celeriter
343 2190 439 2250 milites
452 2193 579 2248 certiores
603 2193 677 2262 facit,
697 2194 783 2271 paulis
798 2215 828 2254 er
845 2197 978 2259 intermit-

108 2275 201 2335 terent
219 2268 355 2344 proelium,
382 2285 414 2326 ac
437 2267 627 2326 tantummodo
652 2271 706 2327 tela
722 2271 758 2328 m‘
815 2273 979 2350 exciperent,

110 2343 193 2423 se‘qu'e
213 2365 247 2404 ex
265 2345 366 2412 labore,
380 2343 537 2420 reficerent;
566 2343 635 2421 pust,
654 2345 739 2426 -figno
759 2347 832 2416 dato,
855 2345 979 2410 ecastrir
1047 2379 1052 2388 ·

111 2419 981 2576 {ittarta3tttlt'tliittiltti‘zlilt3⁰⁸5·

112 2573 147 2658 tis
165 2577 304 2652 eruptione
327 2573 414 2642 faut;
446 2541 534 2652 lneque
555 2568 734 2654 cognoscendi
750 2578 815 2656 quid
827 2521 980 2656 fiereeprle-

114 2668 168 2730 que
189 2651 226 2709 sui
249 2651 404 2725 colligendi,
424 2649 539 2710 hostibus
564 2652 720 2714 facultatem
734 2657 982 2732 relinquunt'btlta

114 2727 283 2786 commutati
307 2725 432 2793 fortunair
447 2771 450 2776 .
466 2745 520 2797 eos,
553 2729 601 2806 qui
633 2731 663 2788 iu
688 2729 762 2808 spem
790 2731 980 2809 potiendor'um

113 2803 259 2872 castrorum
286 2816 424 2870 venerant,
453 2805 572 2882 undique
585 2804 782 2868 circumuentos
802 2809 981 2876 interficiente

115 2883 142 2938 tr
167 2897 202 2937 ex
225 2878 369 2937 bominum
390 2877 505 2938 millibus
525 2881 639 2958 amplius
661 2901 741 2952 xxx,
771 2887 862 2964 (quern
883 2905 981 2946 nume·

115 2955 177 3034 rjmn
199 2953 373 3016 barbarorum
396 2955 431 3013 ad
456 2957 650 3016 castravenitl'e
662 2959 810 3033 constabat)
828 2960 977 3038 plupcerti*

116 3035 193 3114 parte
205 3030 355 3111 interfecti,
375 3032 490 3110 reliquos
503 3035 656 3110 perterritos
670 3036 699 3094 in
714 3035 806 3112 sugam
818 3035 979 3113 conjiciunt.
1000 3072 1004 3081 ·

116 3109 151 3165 ac
172 3124 207 3164 ne
226 3108 254 3164 in·
275 3107 339 3166 locis
359 3109 470 3184 quidem
492 3111 667 3188 superioribus
684 3113 821 3172 constitere
834 3117 980 3191 patiuntur.
1010 3107 1012 3120 '
1037 3127 1051 3172 t
1125 3109 1126 3118 ’

118 3174 163 3258 Sic
182 3185 306 3242 omnibus
328 3183 441 3257 hostiurn
460 3191 544 3264 copiis
556 3185 626 3255 sutis,
645 3185 779 3270 armique
792 3193 894 3260 exutis,
913 3193 940 3250 se
951 3193 981 3252 itt

115 3254 199 3335 caba
212 3259 426 3341 muniuene‘sque
435 3261 490 3342 surae
502 3259 641 3342 recipiunt

837 3309 897 3424 ru
917 3331 984 3420 oo·
