2272 3776
193 135 258 212 Da
285 131 429 210 Brito
454 133 836 208 Asarinubrruo.
874 133 946 235 '317

87 269 263 339 'detersendm
282 253 397 350 magnas
419 267 522 346 copias,
543 285 610 344 quas
631 267 758 329 celeriter
779 277 805 330 dc
824 292 945 351 propen-

91 349 186 408 tuma
199 349 340 408 civitatum
354 347 494 408 voluntate
513 352 542 406 ,δι
554 346 602 404 iuri
622 348 767 426 diligentie
779 350 948 420 confecerat,

90 427 188 486 itinere
209 427 333 504 pedestri,
355 443 414 561 pao
433 423 609 503 conjungitur
622 425 766 504 AEgyptus
779 429 875 504 Syriae,
894 431 947 490 Pe-

91 503 187 562 lusium
196 503 323 563 adduxit:
343 503 353 562 i
374 522 429 581 que
439 503 582 581 oppidum,
603 501 683 561 firmo
690 505 815 582 praefidio
826 525 948 584 occupa-

90 594 149 640 tum
169 583 204 640 ab
224 582 336 642 Achille
349 594 462 670 propter
473 580 711 658 opportunitatem
730 582 793 650 loci,
816 588 949 662 (namque

73 659 75 664 ’
89 673 148 718 tota
160 661 299 740 AEgyptus
321 659 462 718 maritimo
474 658 578 716 accessu
589 659 690 728 Pharo,
709 659 824 738 pedestri
833 663 950 732 Pelufio,

90 737 167 796 velut
187 739 317 804 claustris,
336 737 442 796 munita
455 736 634 809 existimatur)¹
644 737 766 815 ‘repente
778 740 884 817 maguis
897 740 950 797 cir-

89 815 249 886 cumdatum
270 815 365 894 copiis,
394 814 540 891 multiplici
556 813 680 890 praesidio
692 817 867 892 pertinaciter
885 837 950 895 pro·

89 894 292 972 pugnantibus}
313 893 501 970 &copiarum
523 892 722 970 magnitudine,
743 913 811 971 quas
824 895 947 973 integras

89 971 238 1030 vulneratis
251 971 408 1048 defelsrlque
422 969 597 1047 subjiciebas
618 975 642 1028 dt
663 969 862 1048 perseverantii
883 991 951 1031 con·

69 1049 240 1128 ‘stantiique
262 1048 459 1128 oppugnandi;
479 1066 536 1126 quo
548 1047 593 1104 die
606 1048 643 1106 est
663 1050 807 1126 aggressus,
828 1050 856 1107 iu
876 1049 952 1110 suam

88 1127 197 1204 redegit
218 1128 397 1205 potestatem:
415 1125 625 1204 praefidit'unque
643 1125 682 1182 ibi
703 1125 781 1184 suum
793 1127 952 1190 collocavit.

88 1203 171 1270 Inde,
188 1223 218 1262 re
231 1205 302 1262 bene
315 1203 398 1283 gestis,
419 1202 619 1262 Alexandriam
633 1205 669 1260 ad
688 1203 824 1262 Celerem
838 1221 954 1265 conten·

67 1286 74 1301 ²
90 1282 151 1346 dits
180 1281 329 1360 omnisque
351 1301 397 1340 eas
418 1282 554 1360 regiones,
583 1300 633 1358 per
655 1301 722 1358 quas
745 1283 800 1340 iter
822 1283 952 1353 faciebat,

90 1358 255 1418 authoritate
274 1361 318 1426 ei,
338 1379 400 1437 quae
421 1361 585 1438 plerumque
607 1358 682 1416 adest
700 1360 808 1428 vitiori,
828 1363 951 1438 pacalrat,

88 1449 175 1513 atque
189 1437 216 1496 in
230 1437 381 1496 amicitiam
395 1437 508 1496 Calatis
521 1436 675 1514 redegerat.
782 1461 785 1466 ·

87 1532 92 1540 '
131 1515 209 1592 XIX.
231 1517 322 1575 Locus
345 1517 382 1574 est
394 1514 454 1573 ferie
474 1514 619 1592 regionum
637 1515 748 1573 illarum
767 1513 954 1589 nobilillrmun,

90 1611 148 1652 non
170 1593 210 1652 ita
230 1595 315 1674 longis
335 1593 373 1652 ab
400 1593 579 1658 Alexandrii‚
610 1593 658 1670 qui
680 1595 838 1653 nominatur
851 1595 958 1670 Deltag,

90 1670 167 1749 quod
188 1690 290 1732 nonten
310 1670 327 1730 t
351 1671 526 1730 smiilitudine
553 1670 651 1728 litterae
674 1671 765 1750 cepit:
799 1691 864 1730 narn
890 1694 955 1751 pars

90 1749 219 1825 quaedam
241 1750 362 1810 fluudrds
379 1749 450 1817 Nili,
470 1747 539 1808 miri
562 1748 686 1808 derivata
706 1750 777 1808 inter
797 1751 824 1808 se
847 1751 956 1818 duobus

91 1825 233 1902 itineribus
259 1827 413 1906 paullatim,
435 1828 558 1888 medium
588 1827 659 1888 inter
682 1827 709 1884 se
732 1827 849 1904 spatium
870 1829 956 1888 relin.

89 1905 188 1980 queris,
209 1906 383 1964 diuersiffimo
406 1905 442 1962 ad
460 1906 535 1962 littus
554 1905 700 1973 intervallo
719 1907 790 1963 mari
810 1907 956 1988 conjungi⁴

91 1995 147 2038 tur.
188 1981 244 2038 Cui
264 1981 330 2039 loco
347 1999 435 2058 quum
457 1982 678 2056 appropinquare
702 1985 885 2044 Mithridaten
906 2007 957 2046 res

92 2058 275 2136 cognovillet,
292 2063 319 2115 a
338 2057 534 2114 transeundum
556 2057 581 2111 ei
606 2058 710 2114 flumen
727 2057 820 2124 scirem
840 2082 958 2140 magnae

93 2135 224 2198 adversis
238 2153 303 2193 eum
324 2133 417 2210 copias
435 2133 517 2198 misit,
537 2133 635 2207 quibus
648 2133 693 2190 uel
713 2133 833 2210 superari
854 2138 957 2196 deleri·

94 2231 151 2292 que
169 2213 363 2280 Mithridaten,
383 2209 429 2268 vel
449 2207 505 2267 line
525 2208 611 2266 dubio
631 2209 742 2267 retineri
755 2213 839 2288 polle,
860 2215 956 2273 crede.

94 2282 154 2352 bat.
194 2287 437 2370 Qemadruodum
459 2301 552 2346 autem
573 2285 689 2364 optabat
710 2305 774 2344 eum
795 2289 869 2348 vinci
880 2314 892 2356 s
918 2293 956 2352 sic

94 2368 159 2430 latis
172 2369 294 2429 habebat
309 2365 485 2426 interclusum
498 2363 515 2422 it
535 2365 642 2422 Caelare
655 2363 712 2423 ase
723 2365 844 2426 retineri.
884 2370 957 2450 Qae

94 2449 193 2528 prima
220 2449 307 2526 copiae
331 2445 436 2503 flumen
456 2441 473 2501 i
494 2442 581 2502 Delta
603 2442 724 2511 transire,
749 2449 774 2502 de
797 2445 959 2508 Mithridati

94 2543 240 2585 occurrere
253 2535 410 2602 potuerunt,
431 2521 556 2600 pralium
570 2520 782 2590 commiserunt;
803 2522 960 2585 festinantes

95 2602 246 2692 praeripere
266 2600 492 2679 subsequentibus
512 2601 633 2660 vidioriae
645 2599 961 2680 societatem:‚quorum

95 2693 232 2756 impeturn
252 2675 427 2740 Mithridates
441 2678 544 2756 magnai
561 2697 624 2736 cum
638 2677 793 2756 prudentii,
816 2681 962 2740 consuetu·

95 2757 164 2828 dine
175 2757 265 2816 nostri
275 2758 364 2819 castris
379 2757 495 2823 vallatis,
518 2755 652 2815 sustinuit:
674 2777 759 2834 quum
772 2758 839 2818 verb
848 2759 960 2819 incaute

95 2849 182 2912 atque
199 2834 351 2898 ,insolenter
375 2834 519 2896 succedere
544 2853 591 2892 eoa
612 2835 809 2894 munitionibus
833 2838 961 2906 videtete

99 2913 248 2990 eruptione
259 2914 380 2991 undique
399 2911 480 2980 faeta,
498 2930 632 2990 magnum
651 2931 796 2978 numerum
809 2916 960 2974 eorumin-
1009 2949 1013 2953 s

98 2991 226 3057 terfecit3
246 2991 330 3068 Qrdd
348 2991 396 3050 nisi
409 2991 532 3054 locorum
545 2990 643 3050 potitii
662 2990 762 3067 reliqui
780 2987 807 3050 se
820 2993 962 3066 texiliente

97 3068 257 3148 partimque
271 3071 301 3128 in
312 3087 406 3137 naves,
427 3069 525 3146 quibus
537 3067 641 3128 flumen
654 3069 823 3138 transierant,
843 3073 961 3164 recepis-

99 3145 181 3214 sents
202 3147 324 3206 funditus
339 3145 423 3206 deleti
436 3148 529 3206 client
569 3147 628 3224 Qi
646 3159 676 3202 ut
689 3147 841 3222 paullulum
863 3149 962 3212 abillo
1054 3186 1061 3199 ·

100 3225 201 3287 umore
223 3226 250 3283 se
263 3225 430 3293 recreirunt,
451 3223 583 3300 adjunctis
596 3225 628 3282 iis
650 3224 700 3301 qui
720 3222 961 3308 subsequebantur,

100 3303 191 3424 rursu
201 3303 386 3374 Mithridaten
399 3321 561 3457 uppugparp
573 3315 725 3386 coeperunt,
901 3383 967 3451 XX.
