2288 3776
159 120 237 201 -rda
412 131 776 212 A.H1nn11

106 334 109 344 ι
168 275 214 317 tna
229 260 339 350 suorum
359 260 474 324 scientia
489 269 662 328 consiliorum
688 270 921 348 explicandorum.
963 271 1044 343 Milli

160 354 204 408 ‚ne
227 338 295 395 illud
320 341 432 414 quidem
458 346 564 419 accidit,
591 361 621 404 ut
640 345 826 407 Alexandrino
853 363 936 426 atque
959 351 1038 408 Asti-

166 430 238 501 cano
261 413 331 472 bello
353 416 533 480 interessem,
551 424 620 498 Qae
633 419 704 480 bella
717 444 885 502 quamquam
904 443 938 482 ex
956 441 1038 503 parte

168 488 246 545 noba
261 491 371 549 Caesaris
391 493 511 555 sermone
534 498 593 556 sunt
616 511 701 562 notar
733 515 836 560 tamen.
851 503 928 560 aliter
955 504 1037 560 audi-

168 581 228 621 mus
244 584 286 634 er,
305 588 367 644 quae
387 589 475 630 rerum
493 575 615 633 novitate
635 588 683 632 aut
701 577 879 634 admiratione
892 595 941 634 nos
955 581 1033 654 capi·
1123 581 1125 600 ¹

168 653 234 728 untr
253 643 338 710 aliter,
360 665 421 721 quae
434 669 485 724 pro
498 651 649 710 testimonio
662 652 748 710 sumus
769 653 872 711 dicturi.
911 655 963 712 Sed
978 674 1036 732 ego

168 731 306 788 ormnem,
333 720 400 782 dum
422 744 515 784 omnes
536 729 708 788 excusationis
739 730 828 787 causas
856 728 967 807 colligo,
998 750 1036 787 ne
1126 790 1127 794 ,

168 811 232 852 cum
257 795 360 853 Caesare
382 801 527 868 conferam
557 805 610 862 hoc
633 801 719 879 ipsum
745 806 846 862 crimen
871 808 1036 886 arrogantiae
1126 849 1127 866 t

166 866 258 937 subeo,
278 870 354 948 quod
368 893 413 931 me
422 877 525 951 judicio
537 879 692 964 cujusquam
705 882 853 940 existimem
874 885 946 959 posse
970 900 1036 944 cum
1126 873 1127 890 ¹

166 942 271 1004 Caesare
289 955 449 1026 comparari.
489 955 569 1013 Vale.
1048 964 1049 970 '

185 1139 192 1153 ·
232 1106 254 1135 ⁷⁴
280 1118 338 1181 sot)
349 1105 385 1166 M
396 1129 435 1170 nt
458 1108 551 1169 Galliai
563 1110 687 1177 devislsr
708 1109 796 1169 Caesar
809 1131 895 1188 quum
913 1110 1037 1189 superio*
1127 1091 1128 1106 ἵ

215 1163 315 1323 5·
331 1228 342 1259 4
364 1207 396 1244 re
424 1189 510 1246 aellate
538 1188 642 1245 nullum
675 1187 792 1246 bellandi
819 1205 923 1266 tempus
948 1192 1035 1247 inter·

218 1304 241 1329 ,ι
257 1322 270 1341 a,
332 1274 339 1341 ’χ
364 1265 477 1334 iniisset,
498 1263 649 1341 militesque
669 1265 851 1340 hybemorum
868 1259 967 1341 ‘quiete
992 1285 1036 1324 re,

249 1302 339 1377 “iffi
363 1341 441 1400 ficere
460 1339 478 1399 al
497 1342 577 1399 tantis
594 1342 729 1400 laboribus
748 1341 830 1398 vellet
840 1366 849 1406 ;
879 1341 1034 1418 complures

86 1481 89 1492 ¹
167 1415 265 1496 eodem
288 1433 411 1498 tempore
435 1419 554 1476 civitates
578 1435 708 1476 renovare
738 1417 802 1474 belli
828 1418 936 1476 consilia
962 1437 1035 1476 nun·

167 1493 316 1566 ciebantur,
335 1494 585 1572 conjurationesque
603 1495 700 1553 facere.
737 1493 820 1566 cujus
832 1496 872 1552 rei
885 1494 1034 1554 verisimilis

168 1570 246 1628 causa
265 1572 443 1637 afferebatur;
463 1569 635 1647 quddGallis
654 1569 778 1628 omnibus
797 1572 937 1647 cognitum
958 1571 1032 1640 esset,
1130 1617 1131 1620 η

169 1663 260 1722 neque
286 1649 340 1707 uttt
366 1648 589 1705 multitudinem
616 1666 701 1704 unum
724 1647 814 1704 locum
841 1645 934 1705 coatlal
954 1649 1033 1704 refilli

156 1723 242 1796 ·posse
260 1725 390 1784 Romanis
397 1747 406 1788 ;
434 1743 494 1790 nec,
518 1723 538 1780 st
557 1724 660 1783 diversa
673 1723 748 1780 bella
768 1724 919 1798 complures
934 1724 1033 1782 eodem
1131 1747 1132 1750 ¹

113 1813 116 1818 ·
167 1810 291 1876 ternpore
312 1800 457 1858 intulissent
478 1801 610 1868 civitates,
631 1796 691 1858 satis
707 1798 799 1856 auxilii
821 1812 867 1855 aut
887 1797 962 1875 spatii
987 1814 1035 1866 aot

166 1878 308 1952 copiarum
330 1877 486 1936 habiturum
507 1879 655 1936 exercitum
674 1875 767 1952 populi
781 1875 863 1931 Rom.
884 1875 1034 1935 adomnia

168 1953 365 2030 persequenda:
385 1973 440 2011 non
463 1953 515 2012 esse
538 1967 628 2013 autem
644 1952 723 2009 alicui
745 1951 848 2009 civitati
874 1949 970 2009 sortem
991 1954 1033 2018 in·

137 2093 140 2098 .
168 2029 306 2089 commodi
317 2031 500 2101 recusandam,
514 2030 534 2088 st
548 2033 594 2090 tali
607 2027 684 2090 morai
693 2027 804 2106 reliquae
817 2025 922 2106 pollent
934 2027 960 2086 se
973 2029 1032 2086 vin-

166 2103 259 2166 dicare
270 2110 299 2167 in
311 2108 471 2168 libertatem.

208 2184 246 2244 Il.
266 2188 334 2263 Qrae
360 2203 397 2245 ne
415 2187 509 2264 opinio
528 2185 674 2246 Gallorum
701 2181 919 2248 confirmaretutr
946 2179 1034 2240 Caesar

108 2309 113 2317 .
169 2257 212 2319 M.
235 2262 383 2321 Antonium
416 2263 575 2338 quaestorem
602 2263 651 2319 suis
674 2261 787 2338 praeficit
807 2259 946 2336 hybernis;
977 2257 1032 2335 ipse

169 2339 303 2413 equitatus
316 2337 448 2416 praefidio,
468 2339 555 2414 pridie
568 2338 631 2394 Kal.
650 2337 711 2412 Jan.
733 2335 767 2394 ab
794 2338 897 2414 oppido
913 2333 1032 2391 Bibracte

190 2415 344 2474 rosiciscitur
362 2415 398 2472 ad
416 2412 552 2490 legionem
568 2431 603 2470 xt
614 2431 622 2468 t
633 2430 657 2476 r,
677 2432 761 2488 quam
780 2433 836 2472 non
849 2407 960 2488 longe&
973 2409 1032 2467 fini-

170 2429 220 2544 bus
236 2489 391 2550 AEduorum
410 2491 590 2546 collocaverat
606 2489 634 2544 in
652 2487 747 2545 finibus
766 2488 930 2566 Biturigumr
953 2488 1033 2564 eique
1088 2507 1091 2512 ·

169 2563 290 2640 adjungit
307 2567 444 2640 legionem
466 2582 514 2631 xi,
533 2582 593 2639 quae
616 2565 740 2639 proxima
758 2564 853 2623 suerat.
894 2564 967 2621 Binis
989 2581 1034 2621 co·

170 2637 290 2697 hortibus
307 2643 342 2698 ad
363 2640 556 2714 impedimenta
571 2639 669 2696 tuenda
680 2640 784 2710 relictis,
804 2642 939 2718 reliquunt
953 2657 1034 2697 exer·

169 2713 253 2770 citum
275 2716 303 2772 in
324 2715 508 2791 copiosrllimos
532 2734 612 2792 agros
645 2715 794 2794 Biturigum
819 2715 924 2774 inducit
933 2737 946 2782 ιΧ
972 2715 1028 2792 qui,

170 2809 257 2866 quum
276 2791 344 2849 latos
363 2789 428 2849 fines
451 2796 477 2848 δι
498 2791 639 2869 complura
659 2791 760 2869 oppida
784 2793 923 2859 haberent,
954 2792 1032 2848 uniut

170 2865 284 2942 legionis
304 2868 430 2943 hybernis
449 2887 504 2926 non
527 2881 670 2946 potuerant
687 2870 829 2940 contineri,
850 2867 918 2946 quin
932 2865 1031 2926 bellum

167 2957 305 3021 pararent,
327 2942 575 3023 conjurationesque
588 2945 716 3003 facerent.
1022 2959 1026 2966 ’

209 3018 265 3083 111.
287 3024 442 3098 Repentino
464 3022 583 3081 adventu
600 3021 708 3080 Caesaris
731 3019 838 3088 accidit,
858 3018 933 3103 quod
946 3019 1041 3095 impar-⁵

159 3095 233 3150 'ratis
253 3097 421 3174 disjetlisque
443 3100 564 3158 accidere
583 3097 634 3156 suit
655 3096 775 3161 ueceller
801 3109 841 3162 ut,
860 3093 922 3156 sine
936 3096 1033 3154 timore

172 3169 229 3227 ullo
250 3191 311 3228 rura
336 3178 464 3243 colentes,
493 3173 568 3252 pn'lts
599 3173 634 3231 ab
658 3174 781 3250 equitatu
805 3170 1033 3246 opprimerentutt

171 3245 255 3327 quim
277 3247 422 3328 confugere
443 3253 474 3314 in
492 3249 594 3334 oppida
615 3249 736 3328 potem:
762 3263 881 3324 namque
901 3244 1037 3379 etlnmlili

160 3371 164 3379 ,
1002 3339 1017 3378 u
