2290 3762
150 141 192 218 88
318 137 361 211 C.
396 137 561 230 Junrr
598 137 861 212 Crn‘snnrs

142 279 172 340 di
184 277 275 338 casum
289 277 542 355 reprehendendum
566 297 623 338 non
644 277 689 347 est,
722 291 814 340 umen
837 274 1020 340 incommode

141 357 257 417 accidit:
278 375 341 414 nam
352 356 475 414 &nostris
498 345 626 416 rnilitsous
639 355 712 433 spern
720 357 860 424 minuis&
873 353 961 414 hones
977 357 1021 416 ad!

142 433 319 514 pugnandum
332 433 474 492 alacriores
488 433 596 499 effecit3
617 431 694 510 qudd
712 451 767 492 non
780 429 836 490 sine
849 433 956 490 summo
980 435 1020 492 n'-·

142 531 219 570 ruore
233 515 258 567 dr
271 510 455 586 desperatione
468 509 496 568 id
510 511 612 568 sedium
626 507 775 569 videbatur.
815 509 949 567 Praeterea
968 530 1015 570 ac·

141 589 219 655 cidit,
240 589 314 662 quod
339 585 511 646 fieri'necesse
525 601 593 656 erat,
614 601 645 644 ut
657 585 742 666 vulgd
767 586 865 644 milites
884 586 921 643 ab
932 587 1015 664 signin

140 663 325 730 discederent;
346 685 463 742 quaeque
481 663 595 742 quisque
619 681 715 722 eorum
736 663 866 722 cariffima
888 661 1018 734 haberet,

140 741 177 800 ab
190 742 390 816 impedimentis
403 755 495 818 petere
508 757 589 817 atque
600 743 718 818 arripere
730 752 886 816 properaret
892 763 901 805 ,¹
918 743 944 796 de
954 741 1011 800 eia-

141 837 219 878 more
232 837 263 874 ac
277 817 341 877 fletu
354 817 665 894 omniacornplerentur.

179 893 318 955 XXVIII.
344 893 382 952 At
392 894 510 954 barbaris
524 895 663 964 consilium
677 911 733 952 non
745 891 838 953 defuit.
868 891 946 952 Nam
959 895 1014 953 dre

139 991 184 1030 ces
194 991 288 1036 eorum
302 970 360 1028 totas
382 973 440 1030 acie
454 972 626 1048 pronunciari
645 970 785 1045 jusserunt,
805 992 836 1027 ne
848 975 901 1046 quis
912 971 948 1028 ab
961 974 1018 1030 lece

138 1053 270 1124 diseederet
285 1070 293 1112 3
318 1049 419 1106 illerum
435 1050 480 1123 effe
493 1051 626 1123 predam,
638 1064 715 1124 atque
723 1049 776 1105 illis
784 1049 925 1120 reservari,
938 1069 1014 1126 qnae-¹

137 1149 242 1204 remque
255 1127 294 1182 Re
354 1131 365 1182 i
377 1126 531 1202 reliquifflnt
540 1148 549 1192 ς
557 1127 661 1200 proinde
669 1130 753 1182 omnia
765 1129 792 1182 in
804 1127 958 1201 visioridpo
978 1137 1017 1183 iar
1034 1175 1042 1187 ,

88 1258 108 1279 ,
137 1148 425 1280 exffmarenmrant
439 1205 464 1260 de
476 1202 584 1270 virtute,
604 1206 630 1259 se
647 1219 771 1268 numero,
789 1219 825 1276 pu
866 1201 939 1260 ando
957 1222 1008 1280 pa·

55 1290 66 1302 ”
89 1271 109 1329 ‘u'
133 1283 292 1340 resnosiri:
314 1279 417 1337 tasnetsr
438 1276 455 1338 ai
477 1279 555 1346 duee,
576 1283 602 1336 eir
624 1275 641 1336 d
667 1276 775 1336 sortund
795 1278 831 1335 de
842 1275 1011 1348 erebanturs.

136 1370 229 1418 tannen
252 1375 362 1420 omnent
384 1355 459 1434 spem
485 1355 574 1414 salutis
605 1356 633 1413 in
660 1356 759 1426 virtute
781 1351 954 1432 ponebant3‘
970 1361 1012 1428 a,

136 1439 242 1513 quoties
255 1453 370 1514 quaeque
382 1437 479 1516 ephors
492 1445 674 1510 procurreret,
694 1433 729 1490 ab
748 1431 782 1489 ed
799 1443 876 1507 parte
890 1451 1012 1510 magnus·

135 1514 252 1573 hostium
274 1529 400 1570 numerus
418 1509 542 1570 cadebat.
582 1509 646 1586 Qa
659 1529 689 1566 re
702 1509 912 1573 animadversis
935 1515 1006 1569 Aur·

135 1589 224 1648 biorix
238 1587 410 1668 pronunciari
419 1586 508 1660 jubet,
529 1597 559 1642 ut
566 1587 657 1660 procul
666 1588 720 1644 tela
731 1590 876 1664 conjicient,
891 1602 1007 1665 nonper-

96 1715 102 1722 ,
132 1664 190 1743 piris
200 1668 338 1724 accedant:
352 1661 396 1731 δέ,
404 1685 478 1740 quam
485 1663 515 1720 in'
522 1675 625 1738 partem
636 1661 745 1720 Romani
755 1667 1007 1738 impetumsecerint,

51 1757 72 1764 ⁶
133 1747 243 1807 redants
264 1743 376 1801 levitate
387 1762 523 1807 armerum,
537 1735 572 1796 δ’
585 1740 734 1815 quotidanis
746 1745 933 1807 exercitatione,
960 1749 1004 1800 ni·

135 1823 216 1880 hiliis
228 1825 309 1878 noceri
313 1821 396 1896 peffe:
409 1820 499 1889 rursus
503 1819 534 1892 se
547 1819 586 1872 ad
585 1818 665 1894 figna
675 1821 819 1892 recipientes
828 1819 1004 1892 insequantur.
1073 1892 1087 1900 „
1116 1844 1126 1903 ζ,

135 1895 200 1972 Quo
225 1908 362 1974 praecepto
384 1893 418 1952 ab
444 1894 476 1951 iis
502 1889 700 1970 diligentissime
725 1893 886 1958 observatos
913 1913 1004 1971 quum

132 1976 269 2056 quapiam
282 1977 379 2038 cohors
399 1990 440 2030 ex·
453 1969 519 2030 orbe
539 1971 679 2044 excesserat
702 1983 785 2060 atque
804 1969 935 2050 impetum
959 1970 1002 2030 se·

133 2065 215 2121 cerat,
233 2051 320 2111 hostes
340 2047 500 2109 velocissimis
523 2045 708 2128 refugiebant:
739 2049 848 2106 interim
870 2045 1007 2126 cai-parte·
1040 2119 1046 2126 ⁵

132 2129 230 2192 nudari
240 2124 423 2199 nseeise'erat,
443 2129 469 2186 de
481 2125 516 2186 ab
529 2127 612 2186 latere
626 2139 720 2206 aperto
730 2125 783 2185 tela
792 2125 886 2260 recipi.
923 2121 1000 2184 Rur-

132 2213 186 2280 sns,
206 2209 341 2288 quentin
363 2211 428 2265 euni
449 2207 551 2274 locum,
583 2205 656 2264 unde
676 2215 753 2262 erant
775 2217 839 2278 egre
868 2201 1005 2272 ,reverti

131 2301 288 2368 coeperants
309 2287 334 2346 Se
353 2285 388 2344 ab
409 2285 441 2342 iis
455 2285 501 2362 qui
520 2281 658 2348 cesserant,
678 2279 751 2336 &ab
773 2279 804 2334 iis
819 2280 868 2354 qui
881 2279 1003 2356 prordmi·

130 2372 265 2434 steterant,
293 2363 576 2423 circumveniebantur.
617 2357 664 2413 Sin
681 2371 772 2416 autern
791 2353 886 2416 locurn
906 2371 1005 2416 tenere

77 2455 81 2463 ¹
131 2444 251 2505 vellents
272 2459 363 2518 neque
375 2438 468 2495 virtuti
483 2437 557 2494 locus
569 2433 782 2510 relinquebatur,
803 2450 892 2510 neqrre
905 2431 922 2491 d
936 2446 1009 2502 trun.v
1083 2469 1088 2481 .

129 2524 158 2582 ui
182 2518 356 2580 multitudine
381 2512 503 2586 conjecta
530 2509 584 2566 tela
609 2507 724 2569 conserti
749 2509 835 2566 vitare
862 2521 1000 2588 poterant.

128 2601 240 2660 Tamen
267 2608 309 2651 tot
339 2587 518 2650 incommodis
545 2585 699 2658 contineri,
728 2585 819 2645 multis
841 2587 1005 2646 uulneribus

128 2669 256 2749 acceptis,
284 2666 450 2730 resistebants
479 2669 504 2722 ie
529 2661 631 2740 magnai
650 2676 727 2740 parte
750 2663 804 2721 diei
827 2659 1001 2740 consumptas,

127 2770 214 2834 quum
231 2740 248 2802 t
266 2744 354 2824 prims
380 2743 440 2800 suce
460 2741 497 2800 ad
515 2741 610 2801 horam
623 2759 656 2798 vr
666 2755 697 2818 Ιιι
718 2752 893 2818 pugnaretur,
913 2739 997 2812 nihil,

126 2829 201 2910 quod
213 2823 274 2905 ipsis
289 2823 352 2882 esset
363 2819 516 2894 indignum,
537 2818 751 2877 comunittebant.
781 2815 859 2876 Tum
878 2819 916 2876 T.
933 2817 996 2876 Bal-

127 2908 231 2972 ventio,
250 2903 300 2981 qui
321 2896 456 2978 superiore
478 2911 551 2952 anno
565 2896 683 2974 primurn
696 2895 782 2972 pilinn
793 2894 914 2962 diurerat,
934 2895 1001 2955 viro

126 2985 191 3044 sorti
215 2985 239 3038 ἃ
262 2995 369 3059 magnac
398 2973 570 3040 auctoritatis,
602 2983 747 3052 utrumque
770 2969 859 3030 sernur
886 2971 995 3048 tragula

126 3059 294 3136 transjicitur.
333 3051 538 3134 QLucanius,
568 3047 683 3126 ejusdem
709 3048 821 3117 ordinis,
853 3043 995 3106 sortiflirne

163 3155 263 3219 gnane,
291 3133 357 3192 dum
380 3131 566 3190 circumvento
589 3127 645 3185 filio
664 3126 796 3196 subvenit,
822 3117 990 3184 interficitur.

153 3261 163 3277 .
179 3217 261 3274 Cotta
273 3209 385 3288 legatus,
404 3225 498 3266 omnes
523 3206 647 3266 cohortes
659 3201 818 3283 ordine'sque
830 3201 991 3272 adhortans,

125 3283 691 3362 inadversumossunde‘rrdneratun
881 3349 990 3416 xxm
