2300 3772
176 132 246 208 170
430 105 801 181 A.H1n·rtr

169 241 238 302 xiiia
254 237 322 298 levis
334 251 493 298 armature:
513 236 570 316 ipse
581 252 656 296 ‘cum
671 237 836 316 legionibus,
855 233 941 314 quim
950 239 1042 315 potest

171 317 305 383 maxime,
335 319 547 394 apropinquat.
590 315 689 374 Hostes
719 317 749 374 in
777 314 879 374 inediis
905 315 1041 393 disposui,

170 416 258 476 quum
275 395 325 452 tibi
345 339 646 474 dilegillmtcampum
666 393 702 451 ad
722 413 781 452 rem
817 391 960 461 ciendam,
981 414 1042 454 non
1132 437 1133 440 η

173 473 292 550 ampliirs
315 487 456 564 patentem
475 473 504 530 in
523 491 619 530 omnes
643 484 733 549 partes
755 413 870 550 pzdbus
895 489 937 538 υς
955 469 1041 548 sylvis
1060 515 1064 520 -

171 551 295 629 undique
317 550 532 628 mpeditiffimis,
552 563 601 608 aut
613 549 737 608 altiffim'o
759 549 883 617 flumine,
904 548 982 608 velut
994 551 1042 609 iri·
1132 613 1133 622 ¹

84 671 87 680 .
171 629 284 708 (lagine,
304 629 462 695 munitum
482 628 556 686 hunc
575 627 821 692 circumdederunt.
863 625 968 694 Nostri,
988 647 1041 688 ex·
1132 645 1133 700 ᾗ

58 740 66 748 -
171 708 281 786 plorato
300 707 418 766 hostium
439 705 562 773 oonsilio,
583 706 618 764 ad
635 706 824 784 proeliandum
843 703 938 765 animo
953 717 1041 782 atque

173 785 257 842 armis
268 785 375 862 parati3
395 803 491 860 quum,
511 779 734 862 subsequentibus
747 781 911 862 legionibus,
931 783 1041 842 nullam

172 861 315 921 dimicatio
352 881 382 920 nr
401 859 573 927 recusarent:
592 863 735 920 turmatim
756 861 785 918 in
805 881 870 920 eum
882 859 975 919 locum
989 861 1042 919 de-

172 953 319 999 venerunt.
388 957 487 996 uorum
499 938 619 1004 adventu
630 959 716 1016 quum
725 938 776 998 fibi
786 939 905 1000 Correus
914 939 1043 1000 oblatam
1132 937 1133 1004 ζ

172 1017 345 1078 occationem
357 1017 397 1076 rei
410 1017 538 1094 gereudae
556 1017 730 1087 existimaret,
751 1015 873 1096 primirm
894 1035 958 1076 cum
970 1037 1044 1095 pau·

173 1095 214 1154 cis
226 1095 253 1154 se
283 1095 400 1162 stendit;
428 1109 512 1172 atque
525 1095 555 1152 in
568 1095 706 1172 proximas
727 1109 830 1157 turmas
848 1095 983 1172 impetum
997 1095 1044 1154 sa·
1132 1101 1133 1176 i

173 1175 222 1232 cit.
262 1115 357 1232 domi
377 1171 678 1246 constanterincuusum
690 1173 818 1231 sustinent
835 1172 1041 1235 irrfidiatorum:

174 1271 267 1330 neque
279 1252 369 1330 pluteo
380 1251 410 1309 in
423 1270 508 1308 unum
521 1251 614 1310 locum
624 1252 809 1318 conveniunt:
829 1251 905 1328 quod
918 1251 1043 1342 plerum·
1132 1257 1133 1282 ³

174 1349 231 1408 que
252 1329 418 1408 equestribus
439 1328 620 1406 proeliiscitm
640 1345 753 1407 propter
766 1329 888 1406 aliquem
910 1345 1044 1390 timorem
1132 1349 1133 1352 ’

175 1407 286 1474 accidit,
312 1422 372 1468 tum
396 1405 571 1465 multitudine
592 1404 712 1485 ipsorum
724 1407 920 1466 detrimentum
940 1407 1045 1486 accipi-

174 1499 231 1544 tur.
270 1486 375 1563 Qum,
397 1484 530 1562 dispositis
548 1485 653 1553 turmis,
673 1485 793 1544 invicem
809 1485 864 1543 rari
877 1485 1041 1563 proelieren-
1132 1539 1133 1542 ,

175 1578 240 1630 ture
258 1582 348 1641 neque
369 1561 405 1635 ab
423 1562 553 1621 lateribus
566 1562 759 1621 circumveniri
782 1561 843 1622 suos
866 1577 1043 1644 paterentur:

176 1655 324 1718 erumpunt
337 1641 438 1708 ceteri,
452 1641 559 1698 Correo
572 1641 727 1716 proeliante,
741 1661 776 1700 ex
785 1640 877 1718 sylvis.
906 1641 950 1699 Fit
962 1661 1046 1719 mag-

177 1717 216 1780 nei
233 1720 410 1778 contentione
430 1717 567 1777 diversum
580 1717 724 1794 proelium:
745 1718 821 1796 quod
842 1739 927 1796 quum
941 1713 1051 1778 diutius'

177 1797 239 1874 pati
252 1797 345 1858 Marte
368 1795 497 1864 iniretur;
517 1795 660 1874 paullatim
681 1816 718 1855 ex
738 1795 819 1874 sylvis
833 1797 958 1854 instrusla
970 1797 1047 1855 mul·

178 1875 272 1934 titudo
306 1874 432 1954 procedit
455 1874 591 1953 peditum,
621 1894 683 1954 quae
707 1875 810 1933 nostros
844 1876 919 1954 cogit
945 1875 1048 1936 cedere
1132 1925 1133 1934 ,

181 1954 302 2030 equites:
324 1951 422 2030 quibus
442 1951 570 2012 celeriter
586 1951 750 2011 subveniunt
759 1953 827 2012 levis
841 1968 984 2012 annaturae
997 1973 1049 2032 pe·
1132 1993 1133 1996 =

180 2030 261 2098 dites,
281 2051 351 2109 quos
372 2045 437 2090 aute
450 2030 572 2110 legiones
595 2031 685 2090 missos
697 2031 779 2090 docui
789 2055 799 2101 3
818 2031 969 2110 turmisque
994 2051 1048 2090 no·

179 2111 296 2169 strorum
320 2109 481 2188 interpositi,
515 2111 668 2170 constanter
692 2109 863 2188 proeliantur.
903 2109 1048 2192 Pugnatur

169 2188 354 2266 .oliquamdiu
371 2189 431 2266 pari
450 2189 644 2248 contentione:
664 2187 774 2256 deinde,
796 2201 827 2246 ut
841 2188 912 2246 ratio
928 2188 1050 2265 postula·

181 2267 232 2326 bat
252 2267 360 2344 praelim
380 2266 429 2344 qui
442 2265 618 2325 sustinuerant
631 2267 734 2343 primos
746 2267 863 2343 impetus
877 2265 1047 2336 insidiarum,

182 2345 238 2404 hoc
251 2345 309 2422 ipso
328 2345 397 2402 fiunt
419 2343 579 2419 superiores,
601 2341 676 2421 qudd
689 2343 796 2402 nullum
809 2343 845 2402 ab
860 2343 1051 2406 insidiantibus

184 2423 371 2500 imprudentes
386 2435 549 2497 acceperant
568 2421 772 2479 detrimentum.
814 2421 960 2480 Accedunt
981 2441 1050 2499 pro-

185 2501 246 2579 pius
270 2499 381 2557 interim
406 2498 543 2574 legiones:
573 2497 718 2577 crebrique
744 2499 844 2558 eodem
870 2515 995 2578 tempore
1022 2508 1050 2564 lc
1132 2565 1133 2584 χ

185 2577 281 2635 nostris
302 2574 466 2634 &hostibus
487 2575 580 2632 nuncii
604 2575 763 2645 afferuntur,
789 2578 1053 2656 imperatoremm·

185 2653 289 2710 structis
309 2652 395 2729 copiis
408 2650 505 2710 adesse.
545 2652 610 2730 Qi
627 2673 657 2712 re
669 2655 780 2734 cogniti
786 2681 794 2722 ς
813 2655 938 2733 praesrdio
951 2657 1055 2715 cohor·
1132 2651 1133 2710 l

188 2732 258 2790 tium
272 2731 363 2787 confisi
381 2729 472 2796 nostri,
494 2730 641 2789 accerrime
653 2734 828 2809 proeliantur:
849 2753 894 2800 ne,
915 2733 1053 2795 fitardius

186 2829 246 2868 rem
261 2809 400 2890 gestissent,
419 2807 540 2866 vitioriae
549 2807 676 2948 filonem
697 2812 908 2870 communicisse
928 2833 991 2870 curn
1012 2815 1054 2875 le·

189 2885 315 2978 gionibus
340 2885 505 2946 viderentur.
582 2888 649 2946 ostes
671 2889 819 2950 concidunt
839 2891 946 2958 animis,
967 2905 1054 2969 atque
1132 2865 1133 2920 l

189 2967 331 3024 itineribus
344 2965 454 3023 diverfis
465 2964 561 3044 fugam
575 2981 707 3044 quaerunt.
748 2967 964 3050 Nequidquam:
985 2989 1055 3029 nam
1132 2969 1133 3058 l

192 3044 290 3118 quibus
302 3043 504 3105 difficultatibus
524 3045 647 3102 locorum
662 3045 803 3107 Romanos
815 3045 943 3109 claudere
956 3046 1056 3105 volue-
1132 3065 1133 3108 l

192 3139 262 3185 run,
289 3122 322 3178 iis
351 3122 399 3198 ipsi
422 3121 594 3179 tenebantur.
635 3123 709 3181 vieti
742 3137 836 3181 tamen
856 3122 1059 3201 propulsique;

191 3197 296 3272 majore
306 3213 383 3275 parte
397 3199 508 3265 amissis5
528 3199 699 3268 consternati,
720 3201 776 3279 qud
788 3201 845 3258 sors
857 3199 965 3270 tulerat,
985 3221 1058 3260 con·

193 3273 318 3354 fugiunt:
338 3279 441 3355 partim
458 3275 540 3356 sylvis
552 3277 654 3356 petitis,
674 3279 775 3358 partim
796 3277 926 3340 iiurniue:
946 3277 995 3356 qui
1014 3293 1061 3343 ta·

438 3409 440 3412 .
599 3363 601 3372 ’
988 3373 1062 3418 men
