2300 3772
151 129 153 136 ⁴
199 124 863 204 nsBr·ttoGaturcoer.VlIl.
893 133 968 228 '163
1020 151 1023 156 ’

99 258 150 320 lud
164 262 275 338 vulgare
295 263 452 322 incursionis
474 264 588 324 hostium
612 265 727 340 signum,
748 263 822 344 quod
842 264 973 324 incendiis

105 337 280 398 aedificiorum
297 341 417 418 'intelligi
443 339 588 410 consuevit,
608 341 717 398 Caesaris
746 357 803 402 erat
828 341 972 400 interdislo

104 415 257 473 sublatum:
277 436 311 474 ne
333 430 379 475 aut
397 417 477 493 cupid
495 417 590 494 gabuli
612 417 808 495 frumentique,
829 415 974 494 filongiits

106 493 235 568 progredi
258 493 347 561 vellet,
368 492 542 560 deficeretur;
562 508 609 552 aut
629 495 716 552 holles
737 496 867 573 incendiis
890 508 973 552 terre·

106 580 210 625 rentur.
250 569 346 626 Multis
365 570 507 627 hominum
526 571 644 628 millibus
663 573 757 648 captis,
777 571 909 650 perterriti
931 569 975 626 Bi·

98 644 219 720 ·turr'ges,
240 646 289 724 qui
309 645 429 723 primum
451 646 598 706 adventum
620 647 740 726 effugere
753 647 974 724 .potuerantRo-

97 740 273 787 manorums
293 724 322 780 in
348 723 472 780 finitimas
496 723 626 800 ciuitates,
655 737 701 781 aut
723 724 831 800 privatis
856 723 908 782 hos
923 723 974 780 itiis

109 798 212 867 confisi,
238 811 285 856 aut
311 799 436 857 societate
468 800 650 868 consiliorum,
676 743 974 903 ‚coniugentes-&u-

109 875 172 932 sira:
199 895 262 933 nam
277 874 365 934 Caesar
377 876 482 951 magnis
496 876 635 935 itineribus
649 876 774 935 omnibus
794 877 859 935 locis
881 893 975 935 occurs

109 953 163 1017 titt
189 972 241 1010 nee
254 951 300 1010 dat
316 953 362 1009 ulli
375 952 478 1010 civitati
492 952 606 1030 spatium
619 952 654 1012 de
673 953 762 1011 alienis
774 952 873 1030 potius,
893 951 976 1028 quim

110 1027 146 1084 de
168 1027 312 1088 domesticis
333 1028 426 1096 sainte,
445 1029 599 1106 cogitandi:
620 1029 675 1107 qui
695 1029 841 1098 celeritate,
862 1033 886 1086 δι
909 1028 976 1086 fide-

108 1102 147 1161 les
171 1107 272 1164 amicos
295 1104 438 1173 retinebat,
459 1109 484 1161 δι
505 1105 658 1163 dubitantes
690 1119 791 1165 terrore
822 1105 857 1164 ad
883 1103 978 1163 condi·

9 1219 10 1224 κ
110 1182 200 1252 tiones
213 1181 287 1258 pacis
300 1181 461 1238 adducebat.
501 1181 567 1239 Tali
590 1182 744 1240 conditione
759 1180 889 1258 Bituriges
915 1199 978 1258 pro-

110 1257 207 1332 positi,
235 1275 321 1332 quum
348 1256 395 1314 sibi
415 1256 539 1314 viderent
561 1256 706 1314 clementii
727 1259 839 1316 Caesaris
861 1257 979 1314 reditum

109 1347 206 1409 patere
230 1334 258 1388 in
290 1331 344 1408 ejus
369 1331 536 1397 amicitiams
575 1331 755 1410 finitimaisque
784 1335 903 1392 civitates
926 1328 981 1388 finis

110 1408 167 1466 ulit
180 1407 263 1484 poeni
282 1407 385 1465 dedisse
401 1407 513 1475 obsides,
533 1421 618 1486 atque
637 1410 667 1465 in
680 1407 762 1468 fidem
774 1421 895 1486 receptas
909 1407 979 1472 elles

109 1485 187 1542 idem
212 1483 340 1542 feceruut.
379 1482 470 1541 Caesar
488 1485 629 1553 militibus,
649 1503 700 1562 pro
725 1499 803 1545 tanto
829 1485 981 1542 labore'ac

110 1560 243 1638 patientis
253 1583 261 1624 ;
282 1562 328 1636 qui
344 1559 507 1620 brumalibus
525 1562 630 1631 diebus,
650 1563 786 1621 itineribus
810 1561 983 1627 difficillimis,

104 1637 259 1712 ‘frigoribus
273 1637 455 1706 intolerandis,
475 1639 654 1699 studiossime
669 1641 872 1716 permanserant
894 1640 922 1697 in
944 1637 983 1696 la·

107 1713 196 1778 bores
215 1713 332 1772 ducenos
347 1712 491 1773 sestertios:
516 1717 729 1782 centurionibus,
756 1735 784 1774 rr
802 1715 888 1774 millia
904 1731 983 1772 num·

113 1789 191 1848 mium
218 1789 313 1867 praedae
342 1793 453 1850 nomine
482 1795 668 1854 condonandae
689 1793 833 1872 pollicetur
841 1817 850 1860 t
871 1791 985 1872 legioni·

115 1863 216 1999 {digne
243 1869 272 1925 in
298 1867 420 1944 hybernia
439 1871 557 1941 remissis,
577 1871 632 1948 ipse
652 1871 678 1928 se
697 1873 794 1950 recipit
813 1871 920 1929 diesxu
941 1867 986 1926 Bi·

134 1962 163 2002 ra
191 1961 216 2000 e.
630 1971 633 1980 ν

155 2018 211 2077 lV.
232 2019 275 2077 lbi
296 2039 380 2096 quum
396 2021 438 2096 jus
456 2021 575 2097 direretr
596 2023 726 2098 bituriges
740 2025 775 2083 ad
795 2043 858 2082 eum
882 2023 988 2100 legatos

112 2097 238 2162 mittunt,
268 2096 400 2152 auxilium
429 2097 543 2172 petitum
568 2113 663 2156 contra
681 2099 824 2166 Carnutes,
852 2117 918 2174 quos
946 2101 987 2156 in-

117 2171 200 2230 tulisse
214 2169 313 2228 bellum
335 2170 383 2227 stbi
397 2170 586 2246 querebantur.
627 2171 689 2248 Qti
712 2192 741 2229 re
754 2174 881 2248 cognitd;
902 2193 988 2248 quum
1003 2177 1033 2234 χ’

114 2267 173 2304 non
195 2248 310 2323 amplius
333 2251 475 2304 st&v111
492 2245 549 2304 dies
573 2243 640 2304 in‘h
662 2249 749 2305 bernis
773 2248 837 2305 esset
863 2267 987 2324 commo·

115 2337 197 2394 ratus,
222 2323 342 2400 legiones
368 2329 422 2381 xrs
442 2329 465 2380 dr
487 2343 522 2381 rt
544 2343 578 2382 ex
603 2323 641 2398 hy
677 2323 731 2382 rnis
756 2323 790 2381 ab
811 2325 895 2381 Arare
923 2321 988 2378 edu·

115 2401 174 2464 cite
207 2419 274 2476 quas
299 2399 341 2456 ibi
373 2399 493 2468 collatas,
531 2399 699 2476 explicandas
735 2400 775 2456 rei
805 2398 989 2458 frumentariae

116 2475 208 2544 causis,
236 2476 369 2552 superiore
389 2473 593 2535 Commentario
621 2477 834 2536 demonstratum
864 2479 909 2534 est.
947 2465 991 2533 Ila

115 2569 181 2608 cum
206 2569 234 2606 rr
259 2552 407 2626 legionibus
426 2555 460 2610 ad
480 2553 678 2630 persequendos
693 2555 826 2613 Carnutes
846 2549 989 2630 proficisci-

117 2639 169 2684 tur.
210 2629 303 2702 anm
326 2627 399 2685 sama
420 2630 549 2688 exercitius
570 2629 604 2688 ad
627 2631 712 2690 hostes
726 2631 789 2690 esset
803 2631 926 2710 perlata:
945 2645 991 2686 ea·

117 2702 241 2760 iantitate
262 2716 412 2762 ceterorum
434 2705 505 2763 duest
522 2708 671 2773 Cardutes;
692 2708 800 2767 desertis
821 2709 886 2766 vicis
910 2705 990 2784 oppi-

116 2771 225 2853 disque,
247 2797 323 2855 sque,
351 2781 496 2840 tolerandae
528 2783 632 2858 hyemis
660 2785 749 2852 causi,
775 2783 921 2850 constitutis
947 2800 990 2840 re-

10 2859 11 2862 ’
117 2850 202 2931 penti
215 2854 315 2932 exiguis
337 2857 371 2914 ad
392 2859 570 2917 necessitatem
585 2860 711 2930 aedificiis,
730 2863 903 2920 incolebants
930 2861 990 2932 (nu-
1024 2869 1033 2888 ¹

119 2950 169 3007 per
191 2932 265 2987 enim
290 2931 398 3000 devidli,
421 2937 563 3011 complura
585 2937 688 3014 oppida
700 2936 865 3008 dimiserant)
881 2931 990 3010 disperfi

119 3007 287 3096 profugiunt:
327 3008 416 3067 Caesar
448 3025 621 3086 erumpentes
646 3031 687 3068 eo
717 3011 834 3070 maximi
865 3025 991 3084 tempore
1024 3073 1028 3082 Α

121 3101 266 3142 seemmas
294 3087 460 3162 tempestates
489 3107 574 3164 quum
604 3087 691 3145 subire
719 3089 816 3144 milites
844 3086 938 3151 nollet,
961 3088 990 3144 in

120 3161 224 3235 oppido
238 3163 389 3221 Carnutum
404 3162 523 3222 Gensbo
534 3164 618 3222 castra
628 3163 726 3250 ponit:
755 3179 837 3240 atque
856 3164 884 3219 in
907 3163 989 3228 testa,

119 3237 219 3313 partim
231 3237 393 3308 Gallorumr
412 3242 514 3320 partius
535 3261 607 3322 quas,
634 3237 762 3316 conjunta
780 3238 901 3304 celeriter
927 3237 990 3322 tira-

157 3358 161 3372 ι
878 3323 990 3380 meum,
1020 3342 1022 3354 ¹
