2272 3776
230 134 282 188 ns
306 108 452 192 Bruto
474 105 624 228 Crvrnr
648 106 742 183 Lm.
767 95 833 181 Ill.
918 71 1001 200 275·

128 237 296 300 cellariorum
309 253 421 292 numero
434 234 534 294 habere
546 234 701 294 instituerat.
730 234 805 294 Huic
816 233 864 293 dat
874 231 991 302 litteras,'

129 311 311 389 mandataque
332 310 366 369 ad
389 330 471 377 eum3
495 329 612 387 quorum
631 312 689 369 lraec
712 307 905 369 erat'surnma:
931 309 989 384 Sese

127 396 212 450 omnia
232 389 260 446 de
283 403 346 466 pace
365 401 503 464 expertum,
521 389 591 448 nihil
610 388 692 446 adhuc
715 385 847 445 arbitrari
867 390 986 464 sunum,

129 471 305 534 vitiatorum,
325 485 380 544 quor
392 465 437 540 effe
449 473 561 522 auderes
579 466 630 542 ejus
641 469 681 522 rei
698 463 831 542 voluiſjitr
857 463 923 540 quid
929 466 989 538 stra

128 545 252 602 mandata
270 547 386 620 perferre
404 563 451 598 non
471 554 600 618 opportuno
621 553 726 618 tempore
736 545 776 598 ad
784 541 844 597 Pom
860 545 925 598 rium
936 559 986 596 ve·

126 635 252 680 rerentur.
274 619 407 695 Scipionem
419 619 452 674 ea*
463 621 617 676 audomare
628 619 682 692 effe,
703 633 732 674 ut
745 617 879 691 nonsolum
896 613 986 684 liber),

96 695 115 727 ”
144 719 186 754 uae
194 693 329 772 probcifflr,
349 706 477 770 reponeret
489 695 641 771 Jedmagnci
659 699 737 751 etiam
749 715 784 751 ex
798 708 874 770 parte
885 691 987 770 compel-

127 721 187 842 iere,
199 787 275 850 atque
287 785 414 828 errantem
426 790 513 846 regere
520 774 606 848 Μή.
626 771 737 848 Praeeffe
746 785 831 827 aurem
837 771 884 846 suo
893 773 990 826 nomine

126 853 267 910 exercituic
288 861 327 913 ur,
349 857 452 922 ‘praeter
471 853 660 916 aublmitatem,
679 853 751 904 vires
772 869 862 924 quoque
882 845 991 902 baberet

128 928 168 983 ad
176 925 335 994 coircrndum.
350 923 578 1002 Qodstsrcrfflrc
596 929 702 1001 quictem
716 925 818 990 Italia,
831 936 919 997 pacem
926 934 989 997 pro-

127 1006 285 1066 vinciarum,
296 999 409 1074 salutem
428 1004 535 1076 imperii,
560 1005 607 1058 uni
618 1021 696 1058 omnes
706 1014 834 1074 acceptam
853 999 989 1058 relaturos.

129 1077 200 1136 Haec
214 1075 248 1132 a'd
261 1093 324 1132 eum
335 1075 463 1132 mandata
475 1073 585 1134 Clodius
598 1077 689 1134 refert.
723 1078 765 1132 Ac
778 1075 871 1153 primis
883 1074 989 1143 diebus,

128 1165 159 1210 ut
180 1151 329 1219 videbatur,
355 1149 469 1226 libenter
489 1153 612 1218 auditum
632 1151 741 1227 reliquis
762 1152 797 1210 ad
821 1150 990 1228 colloquium

128 1245 185 1285 non
197 1227 357 1294 admittitur;
376 1229 505 1306 colligato
522 1229 647 1306 Scipione
665 1227 825 1297 armonio,
846 1240 877 1284 ut
918 1227 991 1285 ollea

127 1303 253 1362 consocio
264 1301 338 1384 bello
351 1305 563 1380 reperiebamus:
581 1305 736 1382 inseelique
749 1325 788 1374 re,
807 1301 859 1361 sese
874 1247 917 1362 ai)
928 1301 990 1360 Coe·

127 1378 214 1438 sarem
228 1381 337 1456 recepit.

168 1455 202 1514 L.
221 1457 316 1525 Caesar,
342 1455 399 1534 qub
423 1455 527 1517 facilibs
552 1457 702 1536 equitatum
726 1455 922 1534 Pompeianum
953 1453 991 1514 ad

130 1533 333 1612 Dyrrhachium
367 1535 524 1604 contineret,
556 1541 582 1594 δε
613 1533 786 1612 pabulatione
816 1532 970 1610 prohiberet
980 1533 998 1596 a*

129 1611 215 1690 aditus
242 1611 319 1682 duos,
347 1630 414 1692 quos
434 1608 484 1670 elle
503 1613 626 1695 angustos
644 1611 892 1678 demonstravimus,
911 1629 992 1686 mag-

128 1687 170 1759 nis
195 1689 317 1766 operibus
342 1689 531 1770 praemunivit:
564 1687 725 1766 castellaque
743 1689 784 1746 lris
807 1687 872 1746 locis
894 1686 992 1764 posuit.

128 1760 282 1842 Pompeius,
314 1779 345 1824 ut
365 1767 433 1826 nrlril
456 1765 550 1846 profici
573 1769 695 1846 equitatu
720 1765 867 1842 cognovitt
898 1763 995 1840 paucis

128 1841 277 1901 intermistis
290 1843 393 1913 diebus,
410 1843 513 1903 rursum
536 1863 598 1902 eum
619 1843 732 1902 navibus
753 1843 788 1901 ad
808 1841 834 1900 se
847 1842 918 1900 intra
930 1859 992 1898 mu·

129 1917 243 1976 ultiones
264 1921 366 1992 recipit.
404 1920 471 1977 Erat
491 1921 593 1978 summa
615 1921 661 1979 ino
681 1921 707 1978 ‘a
727 1921 837 1997 pabuli;
866 1914 936 1976 adeo
959 1931 1020 1990 ut-

129 1991 201 2075 loliis
214 2011 248 2050 ex
266 1993 403 2050 arboribus
419 1995 518 2062 stultis,
547 2001 573 2050 ὅτ
594 2008 639 2053 ten
710 1998 873 2055 arundinum
892 1995 993 2053 radici·-

129 2068 178 2126 bus
193 2069 306 2126 contusis
318 2089 400 2144 equos
414 2069 530 2126 alerent:
550 2070 685 2128 frumenta
699 2072 781 2138 enim,
802 2091 863 2148 quae
884 2071 991 2129 fuerant

126 2142 201 2203 introi
232 2143 395 2202 munitiones
423 2143 487 2210 fata,
517 2143 746 2222 consumpserantt
775 2149 799 2202 δι
824 2147 992 2221 cogebantur

117 2220 251 2298 'corcyra
263 2233 344 2298 atque
361 2218 523 2286 Acarnania,
543 2219 626 2296 longo
648 2219 784 2294 interjecto
811 2224 990 2296 navigationis

131 2298 224 2376 spatio,
245 2299 375 2376 pabulum
388 2296 556 2372 supportare:
577 2295 688 2386 quoque
706 2309 765 2352 erat
782 2295 835 2372 ejus
847 2299 886 2353 rei
899 2300 991 2355 minor
1015 2301 1030 2312 ''

130 2379 209 2452 copia
223 2399 231 2442 ς
248 2375 353 2435 hordeo
367 2374 509 2450 adaugere,
530 2386 612 2450 atque
625 2374 666 2430 his
680 2373 826 2430 rationibus
839 2375 990 2449 equitatum

130 2455 252 2512 tolerare.
292 2451 344 2508 Sed
362 2449 501 2528 postquam
524 2462 579 2506 non
604 2447 686 2508 morlo
699 2449 832 2508 hordeum
849 2451 992 2526 pabult‘rm-

152 2549 185 2585 ue
199 2527 322 2586 omnibus
334 2525 448 2593 inlotis,
467 2525 622 2604 berbae'que
634 2527 752 2595 delebor,
766 2527 810 2585 sed
824 2527 905 2584 etiam
918 2529 992 2584 from

131 2550 178 2660 ies
192 2623 224 2658 ex
239 2603 374 2660 arboribus
393 2603 568 2666 deficiebatur
587 2606 717 2683 corruptis
732 2606 807 2682 equis
822 2605 917 2672 macie,
944 2623 991 2664 cn—

132 2679 251 2748 nandum
264 2679 311 2736 fibi
323 2679 424 2757 aliquid
433 2679 575 2757 Pompeius
588 2683 621 2740 de
636 2683 776 2760 eruptione
786 2680 952 2738 erdllimnrit.

172 2755 222 2812 Ll.
242 2755 326 2812 Erant
339 2755 411 2833 apud
421 2756 561 2824 Caesarem,
582 2779 616 2818 ex
628 2761 751 2836 equitum
770 2777 891 2824 numero,
917 2757 994 2817 Allo-

133 2831 230 2912 broges
252 2831 308 2890 duo
338 2833 440 2901 fratres,
469 2833 597 2893 Roscillus
616 2842 640 2894 ἃ
660 2835 757 2912 AEgus,
780 2834 915 2892 Adbucilli
935 2835 994 2904 filii,

155 2912 182 2966 ui
211 2909 394 2986 principatum
426 2910 455 2966 in
483 2911 591 2969 civitate
619 2913 708 2970 multis
726 2911 803 2968 annis
822 2911 991 2976 obtinueratr

133 2929 259 3062 iugulari
277 2992 374 3043 virtute
393 2983 535 3053 hominesr
555 3007 669 3066 quorum
688 2987 772 3064 operit
788 2986 886 3056 Caesar,
906 2991 994 3048 omni-

132 3065 181 3122 bus
194 3061 307 3124 Gallicis
322 3062 408 3133 bellis,
427 3064 532 3142 optimi
550 3061 741 3142 lortillimiq'ue
759 3079 817 3122 erat
837 3065 902 3124 usus.
923 3067 996 3126 ‘His

133 3140 210 3198 domi
239 3141 275 3200 ob
305 3140 352 3198 has
379 3137 467 3199 caulas
494 3141 661 3220 ampliffimos
687 3159 731 3200 ma
751 3141 851 3200 istratus
880 3145 994 3201 manda-

133 3229 228 3284 veratr
254 3231 337 3299 atque
364 3231 417 3280 eos·
436 3231 510 3280 extre
536 3219 660 3281 ordinem
678 3217 707 3278 in
724 3161 844 3282 {nam
865 3219 996 3296 legendos

778 3323 781 3330 ·
842 3307 998 3357 curaverat:
1096 3295 1099 3302 '
