2254 3770
180 127 943 235 anr*rroGrntrcoL1u.l.'3

81 273 193 333 civitate
211 272 256 330 sus
275 284 428 349 occuparet,
446 269 520 346 quod
539 286 615 358 pater
627 267 689 326 ante
703 269 849 340 habuerat:
867 277 948 337 ite'm·

81 369 140 426 que
158 350 321 427 Dumnorigi
342 347 446 426 l-Eduo,
473 345 550 403 fratri
570 346 709 414 Divitiaci,
736 350 791 424 qui,
815 370 849 409 eo
878 369 948 414 tem-

82 445 155 503 pore
173 428 353 504 principatum
382 427 410 482 in
430 423 537 480 civitate
555 422 601 480 suri
630 423 777 493 obtinebat,
810 447 843 486 ac
862 435 949 492 maxi·

80 501 130 560 me
149 505 222 578 plebi
241 520 365 578 acceptus
385 514 454 566 erat,
475 515 504 557 ut
523 499 597 556 idem
617 515 767 568 conaretur,
789 504 948 580 persuadet:

77 577 165 655 eique
183 579 268 637 filiam
295 580 367 637 suam
389 578 419 635 in
439 577 640 634 matrimonium
659 577 717 643 dat,
755 581 886 657 Perfacile
894 592 949 664 fa.

79 663 124 713 eiu
142 656 191 732 effi
204 657 255 713 illis
269 656 375 733 probat,
395 668 488 711 conara
496 656 634 730 perficerer
659 668 796 731 propterea
816 657 881 734 qaid
899 668 948 740 ipſs

70 735 136 807 ſsrae
148 738 271 792 civitatis
282 737 413 809 imperium
431 729 575 787 obtenturus
587 731 652 804 effer,
693 735 751 789 Non
770 734 815 808 effe
836 736 947 814 dubium,

77 811 140 883 quin
170 817 248 867 trtius
271 811 373 868 Gallia
396 806 535 884 plurimum
561 807 680 864 Helvetii
698 809 800 883 peffenr.
838 814 870 871 Se
890 808 949 891 suis

76 889 163 960 copiis,
185 886 275 961 suique
305 890 428 949 exercitu,
457 883 509 944 illis
536 904 617 958 regna
644 886 847 954 conciliaturum,
879 911 947 950 con.

77 959 180 1019 firmat.
221 962 285 1020 Hic
326 964 448 1021 oratione
484 957 602 1027 adducti,
633 959 704 1017 inter
739 962 765 1018 se
806 963 887 1023 sidem
921 978 947 1029 ει

45 1079 48 1084 >
72 1034 263 1111 jusjurandum
281 1037 367 1105 dant;
387 1043 422 1106 tr,
441 1055 528 1112 regno
547 1051 688 1111 occupato,
709 1057 758 1114 per
779 1051 830 1096 tres
888 1059 948 1119 req.

74 1113 187 1171 -tiffimos
207 1134 240 1173 ac
259 1113 415 1174 firmiffimos
434 1113 559 1189 populos,
588 1114 668 1170 totius
688 1114 787 1172 Galliae
815 1061 886 1187 sepo
896 1143 947 1199 po.

74 1189 124 1247 tiri
143 1189 217 1266 posse
236 1190 430 1267 sperant„an
449 1208 491 1247 res
512 1201 542 1265 ut
561 1190 597 1245 est
616 1189 750 1248 Helvetiis
782 1213 831 1268 per
850 1197 947 1259 indici.

76 1286 127 1324 um
154 1269 307 1338 enunciata,
336 1265 455 1325 moribus
482 1264 533 1323 suis
553 1267 747 1343 Orgetorigem
780 1288 813 1327 ex
832 1274 947 1336 vinculis

76 1342 186 1404 causam
216 1344 308 1404 dicere
335 1346 492 1421 cosgerunt,
531 1341 699 1402 Danmatum
730 1365 840 1420 poenatn
872 1350 947 1429 sequi

75 1420 231 1496 oportebat,
263 1435 292 1480 ut
315 1420 374 1499 igni
404 1429 576 1478 cremaretur.
617 1420 674 1478 Die
699 1423 840 1482 constituta
861 1430 947 1488 causa

73 1496 211 1567 distionis,
231 1499 379 1575 Orgetorix
397 1495 432 1556 ad
456 1494 587 1570 judicium
612 1514 724 1557 ornnem
751 1497 826 1556 suam
846 1501 947 1563 sarnili.

75 1591 134 1643 am,
166 1575 201 1634 ad
226 1573 368 1633 hominum
393 1573 479 1633 millia
501 1572 606 1641 decem,
640 1574 759 1652 undique
778 1577 889 1655 coe'git3
908 1570 946 1642 'ti

74 1668 172 1708 omnes
191 1651 302 1710 clientes
318 1650 503 1733 obaeratdsque
522 1648 590 1718 suos,
611 1669 725 1726 quorum
744 1671 875 1730 magnum
895 1679 946 1717 nu-

73 1746 182 1786 merum
199 1728 325 1799 habebat,
344 1728 442 1787 edderu
460 1725 602 1786 conduxit:
621 1746 671 1805 per
689 1746 746 1798 eos,
774 1749 810 1787 ne
828 1735 945 1798 caussam

70 1803 188 1874 diceret,
208 1805 234 1863 se
254 1807 360 1884 eripuit.
401 1806 493 1884 Qum
507 1802 610 1873 civitas,
630 1803 667 1864 ob
681 1825 741 1865 eam
754 1826 811 1864 rem
822 1809 943 1885 incitata,

71 1882 155 1939 aruris
184 1881 226 1956 jus
253 1882 332 1953 suum
358 1882 467 1959 exsequi.
495 1895 648 1952 conaretur,
688 1884 944 1968 multitudinemque

72 1958 217 2018 hominum
248 1979 283 2017 ex
314 1961 385 2039 agris
414 1958 580 2035 magistratus
611 1975 762 2036 cogerent;
794 1963 835 2022 Or
856 1971 943 2029 etorix

73 2046 199 2094 mortuus
214 2036 266 2094 est:
288 2056 377 2114 neque
393 2035 466 2094 abest
484 2033 604 2110 suspicio,
626 2052 656 2092 ut
668 2037 792 2098 Helvetii
805 1987 941 2104 arbitran-

71 2111 127 2181 tur,
147 2112 212 2189 quin
233 2110 287 2188 ipse
307 2113 355 2170 fibi
373 2123 491 2168 mortem
509 2111 684 2184 consciverit,
945 2114 947 2118 ’

110 2189 166 2248 IV.
186 2190 249 2248 Posi
271 2188 325 2265 ejus
338 2197 458 2245 mortem
470 2185 557 2244 nihilo
570 2188 660 2244 minin
674 2187 794 2248 Helvetii
808 2194 845 2263 id,
866 2195 941 2270 quod
993 2230 998 2239 ·

71 2265 272 2335 constituerant,
291 2265 383 2325 facere
403 2273 542 2333 conantur,
562 2276 592 2319 ut
614 2261 631 2318 ὲ
651 2263 746 2322 finibus
764 2267 814 2325 suis
836 2287 943 2329 exeant.

73 2340 133 2401 Ubi
148 2341 206 2418 jam
226 2342 253 2422 se
272 2343 306 2401 ad
326 2360 389 2400 eam
408 2358 468 2399 rem
480 2352 588 2416 paratos
600 2339 652 2396 esse
664 2340 785 2400 arbitrati
796 2340 870 2412 sunt3
890 2365 939 2425 op-

70 2420 139 2496 pida
168 2419 213 2479 sua
235 2421 334 2480 vonmia
362 2436 477 2478 numero
497 2417 533 2475 ad
552 2416 708 2487 duodecim,
727 2419 799 2478 vicos
818 2421 852 2478 ad
873 2442 940 2500 qua·
982 2432 987 2471 l

69 2498 243 2576 dringeutos,
271 2498 375 2574 reliqua
405 2496 510 2573 privata
541 2493 653 2563 aedificia
686 2496 850 2566 incendunt3
881 2499 939 2558 fru-

70 2589 195 2636 mentum
207 2593 298 2640 otnne,
311 2587 408 2650 praeter
421 2570 496 2648 quod
509 2569 596 2643 secum
608 2574 741 2648 portaturi
754 2590 839 2643 erant,
861 2596 938 2635 com·

70 2648 189 2717 burunt;
210 2665 250 2715 ut,
269 2652 382 2708 domum
400 2647 537 2706 reditionis
551 2647 596 2724 spe
609 2648 721 2719 sublatis,
742 2655 886 2728 paratiores
901 2654 937 2712 ad

69 2729 166 2785 omnia
185 2726 304 2803 pericula
322 2724 457 2785 subeunda
471 2724 570 2783 esseut:
593 2727 674 2784 trium
701 2729 831 2787 mensium
858 2729 938 2788 moli*

68 2818 97 2863 ta
116 2804 217 2864 cibaria
236 2801 284 2859 fibi
307 2820 441 2878 quemque
461 2801 547 2860 domo
567 2801 662 2861 afferre
681 2803 786 2879 jubent.
826 2806 935 2864 Persua·
1014 2834 1021 2859 2

64 2881 136 2939 dent
150 2880 289 2946 Rauracis,
311 2883 338 2935 sc
359 2877 496 2956 Tulingis,
518 2884 543 2936 δι
564 2879 717 2956 Latobrigis
736 2881 865 2950 finitimis,
885 2881 936 2952 uti,

65 2957 166 3016 eodem
187 2955 371 3024 ancoralia,
401 2955 506 3033 oppidis
532 2953 583 3014 suis
606 2957 725 3034 vicisque
745 2954 849 3024 eruitis,
881 2960 936 3018 und

65 3053 130 3091 curn
153 3036 185 3091 iis
209 3032 422 3111 proficiscantur:
445 3030 586 3109 Boidsque,
608 3036 654 3111 qui
669 3047 740 3093 trans
753 3035 879 3092 Rhenum
893 3037 937 3092 in-

66 3109 214 3179 coluerant,
235 3114 260 3169 &
279 3110 309 3168 in
332 3129 429 3188 agrurn
449 3107 584 3168 Noricum
602 3111 768 3180 traufierant,
788 3111 936 3170 Noreiaim·

58 3205 119 3265 que
138 3186 346 3266 oppugnarent,
363 3194 484 3266 receptos
497 3187 534 3245 ad
546 3186 572 3248 se
586 3187 669 3253 socius
681 3188 730 3250 stbi
742 3187 897 3249 adsciscunt.

165 3303 169 3314 ⁸
218 3325 222 3333 ³
487 3336 511 3414 B
528 3357 546 3420 ².
788 3341 828 3405 V.
848 3337 935 3399 Erant
