2302 3782
714 0 722 1 ’
751 2 1148 33 ,ν’-’Ἦ

279 131 507 272 ne·Beino
537 190 688 266 Crvmr
718 189 817 298 Ltp.
845 189 909 264 ΙΙΙ.
961 195 1031 289 283¹

166 316 261 380 habite
274 321 416 394 concione,
434 321 578 382 nonnullos
591 318 730 396 signiferos
749 317 900 394 ignominis
917 318 1031 392 notavit,

168 413 203 454 ac
223 397 284 456 loco
302 399 397 458 movit.
438 399 576 458 Exercitui
595 396 707 474 quidem
725 395 801 454 omni
827 406 914 458 tantos
932 392 1032 452 incenit

168 489 203 528 cx
220 473 394 533 incommodo
412 474 501 542 dolor,
528 473 689 550 tanitimque
709 471 822 530 lludiurn
842 469 959 528 infamia
978 467 1030 526 sar·

167 547 279 618 ciendae,
305 565 335 608 ut
354 569 436 609 nemo
455 564 502 608 aut
521 550 620 609 tribuni
639 563 686 608 aut
705 547 868 608 centurionis
886 546 1030 622 imperium

165 621 344 691 desiderarets
365 631 389 684 dr
409 626 457 684 sibi
496 626 586 702 uisque
605 627 687 684 etiarn
706 645 795 703 poenae
813 624 875 682 loco
893 623 1029 700 ςηνίοκι

165 699 318 776 imponeret
336 702 451 770 labores,
475 647 609 779 durisque
628 721 722 762 omnes
741 701 865 760 arderent
883 699 1029 773 cupiditate

165 777 325 853 pugnandir
343 797 427 856 quum
444 777 583 856 superioris
602 781 685 838 etiarn
703 778 805 837 ordinis
818 775 949 843 nonnulli,
970 793 1029 836 ore·

102 859 108 866 ‘
164 851 240 910 tione
254 855 378 928 permoti,
398 855 564 914 manendum
582 873 617 914 eo
634 854 696 914 loco
716 859 742 912 or
761 870 818 910 rent
837 851 934 930 proelio
953 868 1028 908 conr·

164 927 326 988 mittendam
344 931 535 990 existimarent.
574 933 680 990 Contra
698 951 731 990 ea
743 929 840 997 Cesar,
860 945 950 1004 neque
966 922 1028 984 satis

163 1003 291 1062 militibus
309 1008 454 1083 perterritis
471 1006 639 1070 confidebatr
665 1006 834 1084 spatit'rmque
852 1005 1027 1092 interponen-

48 1096 53 1107 ·
164 1078 231 1138 durn
250 1081 285 1140 ad
299 1083 458 1142 recreandos
471 1084 574 1142 animos
587 1084 715 1159 putabats
735 1079 885 1158 relislisque
898 1080 1026 1139 munitio·

164 1157 251 1224 nibus,
272 1177 439 1289 magnopere
451 1161 490 1217 rei
502 1158 682 1218 frumentariae
695 1159 816 1216 timebat.

203 1231 295 1292 LXII.
331 1250 412 1311 taque
431 1234 504 1294 nulli
523 1235 676 1310 interpositi
693 1233 779 1297 morri,
798 1229 947 1292 saucidrum
967 1251 1027 1291 rno-

163 1304 201 1364 dd
221 1313 245 1366 sa
265 1328 399 1385 aegrorum
420 1310 512 1370 habiti
530 1311 644 1376 ratione,
671 1310 865 1386 impedimenta
884 1309 976 1368 omnia
994 1309 1027 1368 fi·

164 1381 248 1442 lentio
272 1386 359 1460 prims
377 1389 456 1444 nosle
476 1405 510 1444 ex
528 1387 615 1444 cestris
636 1385 811 1462 Apolloniam
850 1383 965 1453 remifit,
991 1403 1027 1445 ac

164 1459 355 1537 conquiescere
373 1478 437 1520 ante
456 1463 507 1520 iter
527 1462 680 1520 consedunr
699 1463 794 1519 vetuit.
865 1461 887 1517 is
905 1469 960 1518 una
986 1459 1025 1518 le-

163 1534 211 1612 gio
236 1535 310 1594 missa
335 1539 456 1616 praefidio
481 1537 526 1596 est.
565 1538 617 1595 His
642 1539 773 1614 explicitis
796 1537 885 1604 rebus¹
911 1537 976 1594 duas
996 1537 1025 1596 in

162 1611 249 1670 castris
269 1615 390 1690 legiones
407 1615 527 1683 retinuit,
548 1616 661 1692 reliquas
680 1615 715 1672 de
736 1633 770 1672 rr
791 1612 883 1690 vigilii
901 1611 1031 1693 complu·¹

162 1685 235 1746 ribus
256 1692 340 1766 portis
359 1691 465 1752 eduslas
484 1691 582 1749 eodem
602 1691 696 1750 itinere
714 1689 841 1768 praemisit
848 1713 857 1756 ς
885 1689 1026 1765 parvisque

162 1763 248 1838 sparso
273 1769 429 1839 intermisso,
457 1782 485 1826 ut
505 1772 530 1825 dc
551 1767 668 1826 militare
694 1769 840 1824 institutum
867 1763 1026 1834 servaretur,

162 1841 288 1918 &quim
314 1843 433 1903 serissime
455 1844 508 1920 ejus
527 1843 660 1922 profeslio
678 1843 891 1921 cognosceretur,
917 1842 1026 1901 concla-

161 1917 229 1970 mari
252 1916 337 1988 juslits
364 1921 508 1995 statimque
535 1922 660 1995 egressus,
687 1927 712 1978 δι
730 1920 899 1978 novissimum
925 1937 1026 1996 agmen

161 1989 324 2058 consecutus,
357 1993 479 2052 celeriter
509 1991 526 2051 ὲ
557 1996 699 2070 conspeslu
728 1999 872 2054 castrorum
903 1995 1034 2054 disceris·
1079 1995 1083 1999 ’
1146 2075 1147 2082 ¹

160 2061 262 2139 Neque
289 2063 353 2122 verd
373 2067 525 2144 Pompeius,
551 2072 664 2144 cognito
688 2071 799 2134 consilio
824 2071 889 2142 ejus,
915 2091 1023 2132 moram

160 2139 245 2196 ullam
264 2140 299 2198 ad
325 2139 516 2216 insequendum
536 2145 640 2200 intulit:
668 2143 712 2200 sed
732 2145 826 2201 eadem
846 2145 975 2218 spectans,
1002 2147 1023 2206 st

159 2215 255 2274 itinere
281 2217 427 2294 impeditos
459 2223 484 2276 δι
516 2219 669 2294 perterritos
695 2219 896 2294 deprehendere
919 2223 1023 2296 posset,

159 2295 307 2354 exereitum
335 2292 352 2353 ὲ
377 2293 463 2352 callris
483 2295 593 2360 eduxit;
621 2293 824 2370 equitanimque
844 2297 968 2370 praemisit
987 2297 1024 2358 ad

158 2371 327 2429 novissimum
353 2389 451 2446 agmen
470 2371 686 2430 demorandum:
713 2389 802 2446 neque
820 2371 946 2450 consequi
972 2391 1022 2450 po-

110 2481 113 2493 r
158 2447 227 2512 tuit;
252 2447 327 2522 quid
353 2447 468 2506 multum
495 2447 622 2524 expedito
648 2446 743 2504 itinere
769 2448 942 2510 antecesserat
961 2453 1021 2508 Car«

157 2520 212 2578 sar:
235 2521 278 2580 sed
294 2543 376 2599 quum
395 2540 506 2584 ventum
524 2524 590 2582 esset
608 2523 643 2584 ad
663 2523 762 2581 flumen
777 2521 927 2595 Genusum,
946 2528 1022 2604 quod

157 2596 222 2671 ripis
254 2615 312 2656 erat
341 2601 485 2678 impeditis,
520 2599 675 2660 consecutus
704 2599 836 2676 equitatur
867 2605 1021 2662 noviffimor

149 2671 256 2749 proelio
281 2673 427 2735 detinebat.
465 2678 539 2738 Huic
565 2676 623 2734 suos
648 2675 736 2734 Caesar
760 2678 863 2753 equites
887 2677 1021 2757 opposuit,

158 2749 352 2828 expeditisque
378 2752 564 2832 antesignanos
592 2752 731 2812 admiscuit
757 2772 815 2818 nc;
842 2755 888 2830 qui
916 2769 1022 2814 tantum

156 2824 307 2902 profecere,
322 2843 361 2897 ut,
375 2831 486 2906 equestri
501 2830 598 2906 proelio
610 2829 759 2896 commisso,
772 2830 903 2905 pellerent
916 2849 1021 2900 omnes,

156 2902 363 2990 compluresque
381 2905 569 2976 interficerent,
589 2904 637 2982 ipli
657 2906 804 2965 incolumes
822 2905 848 2974 se
867 2909 901 2966 ad
921 2927 1021 2985 agmen

154 2995 455 3116 reciiplsrlesitconseslo
471 3057 540 3134 justo
559 3058 655 3115 itinere
675 3055 730 3130 ejus
743 3055 807 3122 diei,
827 3057 900 3134 qnod
919 3079 1019 3137 propo-

157 3128 243 3190 suerat
262 3134 364 3200 Caesars
385 3134 590 3211 transactisque
611 3135 729 3190 exercitu
749 3133 849 3190 flumen
864 3133 1021 3204 Genusums

157 3207 291 3266 veteribus
317 3211 366 3268 sois
392 3211 420 3267 in
447 3213 535 3270 callris
561 3223 657 3268 contra
676 3207 856 3286 Asparagium
882 3211 1018 3270 consedit:
1129 3231 1136 3269 t

159 3281 311 3363 milite'sque
337 3306 431 3370 ornnes
464 3285 534 3348 irrui
560 3284 662 3346 vallum
691 3286 838 3378 castrorum
868 3288 1018 3373 continuit:
1131 3356 1132 3364 χ

96 3387 102 3398 .
912 3399 914 3402 -
940 3380 1018 3444 equs.
